2033 3445
72 271 207 320 {loo-2]
554 268 707 306 LIBER
736 268 980 305 OCTAVUS.
1395 273 1472 310 285

69 353 324 402 honorifice
338 365 660 417 susceperunt,
675 365 721 400 et
733 371 922 401 excusso
934 353 1162 400 Rodberti
1176 355 1232 401 de
1242 357 1472 412 Belesmo‚
1514 397 1518 400 .

68 450 90 478 a
116 447 211 496 quo
228 429 309 476 diu
338 432 545 494 graviter
563 432 773 494 oppressi
792 430 1003 486 fuerant,
1031 430 1271 490 dominio,
1295 433 1475 479 Henri-

69 527 174 556 cum
206 506 293 553 sibi
334 508 600 571 principem
637 508 1004 554 constituerunt.
1047 508 1131 554 Ille
1161 525 1275 555 xero
1311 521 1473 555 contra

68 585 380 641 Rodbertum‚
395 585 702 631 Normanniae
717 586 956 641 comitem,
972 586 1174 632 viriliter
1186 591 1479 650 arma'sump-

68 663 148 719 sit,
180 659 406 706 incendiis
426 672 472 706 et
493 661 671 724 rapinis
696 661 982 724 expulsionis
1006 679 1100 707 suae
1129 662 1351 726 injuriam
1374 663 1476 708 vin-

66 739 259 793 dicavit,
288 739 557 803 multosque
583 739 707 802 cepit
732 750 777 785 et
804 740 979 785 carceri
1012 741 1313 803 mancipavit.
1348 742 1478 786 Inter

68 816 165 863 haec
179 852 192 872 ,
214 815 326 862 dum
347 815 595 880 quemdam
615 816 855 862 hominem
869 853 880 873 ,
905 818 1098 863 nomine
1117 817 1377 863 Rualedum
1391 855 1404 876 ‚
1423 817 1480 864 de.

67 905 188 940 terra
216 894 263 938 S.
287 893 475 939 Ehrulfi
508 895 725 957 cepisset,
755 895 877 958 apud
902 895 1213 941 Dansrontem
1239 897 1480 942 castellum

65 971 293 1035 deposuit.
316 971 531 1031 Quicum
550 972 730 1018 sederet
747 972 803 1018 ad
821 974 975 1019 focum
996 972 1173 1037 (hiems
1191 975 1318 1020 enim
1337 976 1476 1039 crat),

67 1067 171 1096 cum
196 1049 412 1112 lacrymis
435 1051 482 1095 S.
511 1050 762 1096 Ebrulfnm
791 1052 939 1114 coepit
961 1052 1180 1098 invocare
1207 1070 1258 1098 ac
1281 1051 1436 1100 dicere
1465 1073 1474 1098 :

65 1129 310 1192 Deprecor
328 1140 387 1185 te,
413 1141 578 1175 sancte
596 1128 817 1192 ,ΕΖΗ-υθέ,
842 1132 995 1176 (luzice
1012 1131 1120 1185 Dei,
1146 1142 1194 1175 ut
1213 1148 1285 1175 me
1307 1131 1366 1176 (le
1385 1134 1477 1177 isla

66 1207 341 1270 caplz'oc'tate
360 1208 556 1271 eripias.
582 1207 690 1252 Seis
714 1209 838 1252 enim
862 1210 978 1272 quia
1003 1226 1187 1272 semper
1212 1209 1479 1273 tibz'fideli-

63 1295 130 1330 ter
149 1284 391 1330 deservivi.
432 1285 644 1349 Cumque
670 1284 769 1331 haec
793 1285 1007 1343 dixisset,
1036 1285 1192 1333 subito
1227 1287 1478 1334 obdormi-

63 1361 147 1407 vit.
168 1362 232 1408 Et
255 1379 360 1409 ecce
379 1362 570 1427 quidam
594 1381 787 1409 manum
813 1365 908 1428 ejus
928 1363 1306 1428 apprehendens,
1330 1367 1479 1430 coepit

63 1454 167 1484 eum
193 1438 394 1485 trahere.
428 1440 564 1486 Tunc
598 1441 975 1504 expergefactus,
1004 1442 1366 1505 sensitjomnino
1386 1443 1471 1491 do-

63 1513 212 1561 lorem
236 1513 292 1560 de
317 1532 519 1578 corpore
543 1533 626 1562 suo
656 1517 910 1563 recessisse.
942 1519 1058 1563 Erat
1081 1518 1209 1564 enim
1227 1518 1361 1566 valde
1390 1518 1477 1566 de—

62 1590 299 1648 bilitatus,
328 1592 375 1638 in
404 1603 588 1639 tantum
614 1604 665 1638 ut
689 1611 775 1640 nec
810 1593 867 1640 de
899 1595 1004 1642 loco
1035 1594 1210 1661 absque
1242 1596 1477 1660 adjutorio

62 1669 252 1716 alterius
285 1686 477 1716 movere
512 1687 558 1716 se
595 1682 765 1734 posset.
805 1671 1047 1718 Ceciderat
1073 1690 1190 1720 vero
1227 1675 1273 1720 in
1307 1675 1476 1722 itinere

61 1745 116 1792 de
148 1747 392 1810 jumento,
431 1765 571 1811 super
597 1748 724 1812 quod
764 1749 931 1812 ligatus
967 1761 1083 1795 erat.
1129 1752 1289 1816 ltaque
1326 1754 1475 1817 coepit

64 1824 183 1870 intra
218 1825 519 1889 semetipsum
550 1826 757 1890 cogitare
789 1827 902 1890 quid
937 1838 1117 1891 ageret,
1153 1829 1393 1893 quomodo
1416 1830 1474 1877 de

60 1899 200 1949 domo
237 1903 396 1966 egredi
434 1914 604 1966 posset.
652 1903 846 1950 Viderat
880 1905 1008 1950 enim
1045 1905 1172 1969 quod
1207 1907 1363 1965 miles,
1389 1910 1469 1973 qui

61 1995 167 2025 eum
204 1979 380 2026 ibidem
413 1979 717 2044 deposuerat,
753 1982 952 2037 ostium,
976 2001 1062 2046 per
1094 1984 1221 2048 quod
1247 1986 1396 2031 exitus
1420 1986 1467 2032 in

60 2055 249 2102 hortum
270 2056 481 2120 patebat,
510 2057 642 2104 valde
660 2076 765 2105 cum
788 2076 937 2106 cuneo
956 2059 1265 2107 obfirmasset.
1289 2064 1465 2110 Tamen

60 2136 301 2197 assumptis
338 2135 517 2181 viribus
544 2135 674 2193 fidei,
702 2139 893 2184 accessit
927 2137 982 2184 ad
1015 2139 1213 2194 ostium,
1249 2151 1294 2187 et
1322 2159 1466 2188 manu

59 2212 329 2276 repagulam
364 2213 533 2258 tenuit.
571 2214 731 2271 Tunc,
760 2215 935 2261 mirum
963 2215 1113 2263 dictu!
1148 2235 1346 2275 cuneus,
1384 2221 1463 2284 qui

45 2287 242 2333 ‚sortiter
273 2287 441 2334 infixus
470 2288 645 2346 suerat,
682 2289 738 2336 ad
768 2301 944 2337 terram
977 2291 1167 2340 decidit.
1200 2294 1286 2342 Ille
1318 2313 1460 2353 vero,

59 2366 268 2428 aperiens
292 2367 463 2413 ostium
480 2404 492 2424 ‚
521 2368 737 2431 pervenit
758 2368 814 2415 ad
837 2371 1014 2417 exitum
1038 2370 1242 2429 hortuli,
1269 2385 1316 2420 et
1338 2377 1463 2438 aspi-

59 2442 207 2499 ciens,
240 2444 594 2491 multitudinem
630 2447 836 2492 militum
869 2458 977 2494 ante
1008 2465 1053 2494 se
1087 2450 1132 2495 in
1163 2451 1314 2513 platea
1347 2452 1464 2498 vidit

59 2519 326 2576 consistere,
347 2531 393 2566 et
413 2522 667 2569 extendens
687 2541 879 2570 manum
900 2523 1065 2571 dixisse
1084 2527 1235 2573 fertur
1257 2548 1266 2573 :
1288 2530 1465 2575 Sancte

61 2714 198 2738 comme
223 2706 358 2739 temoin
384 2707 472 2740 dans
495 2708 526 2741 la
552 2709 676 2743 chau-w
700 2709 744 2743 (lc
769 2711 954 2746 sondation
981 2712 1026 2746 do
1053 2714 1175 2748 [uului
1197 2715 1322 2759 (τοῦθ)
1341 2729 1383 2749 vn
1405 2729 1462 2750 ecs

63 2767 192 2795 tei-mes
210 2779 215 2795 ε
235 2765 432 2799 Aelim-‹lm-
453 2767 571 2805 diwr‘e,
593 2770 710 2805 milev,
733 2770 777 2802 (le
801 2771 1053 2816 Dmnrf‘frnrrlc.

162 2839 231 2869 ΙΙΙ.
1211 2836 1269 2879 :25
