2033 3445
86 263 299 312 [991-997]
557 257 710 296 LIBER
737 257 1005 307 SEPTIMUS,
1411 260 1485 297 153

83 345 367 394 monachum
394 342 744 408 philosophum.
772 343 860 402 Qui
886 341 1145 388 Gerbertus
1164 343 1386 406 magister
1401 345 1490 391 fuit

86 421 312 470 Rodber-ti
336 420 484 484 regis,
511 419 596 464 filii
623 419 751 464 istius
773 418 1012 482 Hugonis,
1036 429 1083 465 et
1104 417 1268 466 domni
1295 420 1491 467 Leothe-

87 500 170 547 rici
187 497 548 561 archiepiscopi,
576 497 850 543 successoris
874 495 1158 543 venerabilis
1181 496 1373 542 SeWini.
1398 497 1490 543 Ar-

89 577 268 624 nulfum
308 585 462 620 aulem
501 573 610 620 fecit
645 574 906 637 mancipari
937 572 1188 630 custodiae,
1227 573 1492 620 Aurelianis

88 654 285 701 civitate.
327 638 621 697 venerabilis
658 651 816 715 itaque
859 650 1073 699 Sewinus
1114 649 1491 715 archiepiscopus

87 747 182 777 non
208 729 441 776 consensit
466 729 512 773 in
539 726 874 791 degradatione
904 727 1092 773 Arnulfi
1110 764 1123 784 ,
1144 744 1298 792 neque
1334 729 1380 774 in
1406 744 1492 774 or·-

85 808 323 854 clinatione
356 804 595 852 Gerberti.
625 805 779 852 Jussio
804 816 960 851 autem
986 807 1108 869 regis
1149 805 1364 869 urgebat.
1395 804 1490 851 Alii

87 901 199 931 vero
232 884 464 947 episcopi,
502 883 612 928 licet
648 882 808 940 inviti,
844 893 999 928 tamen
1035 894 1234 947 propter
1270 883 1491 929 timorem

87 962 231 1026 regis,
256 960 633 1026 degradaverunt
655 960 929 1016 Arnulsum,
952 971 997 1006 et
1016 959 1359 1007 ordinaverunt
1381 960 1495 1006 Ger-

87 1039 292 1097 bertum,
315 1039 525 1088 Sewinus
543 1049 717 1096 autem,
737 1039 841 1102 plus
858 1039 1028 1084 timens
1046 1039 1193 1085 Deum
1211 1076 1222 1095 ,
1245 1056 1388 1104 quam
1405 1049 1495 1085 ter-

86 1134 254 1164 renum
280 1133 466 1181 regem,
495 1117 651 1163 noluit
677 1117 943 1163 consentire
978 1117 1100 1180 regis
1133 1117 1358 1180 net-[uitiae
1375 1152 1387 1173 ,
1416 1115 1494 1162 sed

84 1195 291 1260 magisin
306 1205 536 1259 quantum
553 1194 710 1257 potuit
725 1192 967 1257 redarguit
984 1194 1135 1257 ipsum
1150 1211 1331 1259 regem,
1348 1210 1494 1257 prop·

84 1283 156 1320 ter
179 1290 319 1337 quam
344 1289 525 1318 causam
551 1271 617 1317 ira
637 1272 759 1335 regis
783 1282 946 1317 contra
978 1288 1084 1317 eum
1109 1272 1346 1318 ell'crbuit.
1377 1272 1495 1318 Cum

87 1367 261 1415 magno
285 1351 439 1414 itaque
458 1348 685 1395 dedecore
711 1349 878 1412 expelli
901 1350 1037 1412 jussit
1056 1366 1139 1395 rex
1167 1349 1422 1395 Arnulsum
1438 1348 1496 1395 de

89 1426 276 1473 ccclesia
302 1426 454 1471 Beatae
484 1426 566 1471 Dei
604 1425 844 1488 genitricis
875 1425 1036 1470 Marias
1064 1426 1330 1482 Remensis,
1363 1436 1410 1472 et
1433 1426 1496 1471 sic

88 1504 327 1567 alligatum
349 1501 527 1549 retrudi
556 1503 601 1547 in
628 1518 882 1548 carcerem.
903 1501 1135 1565 Alligatus
1156 1513 1311 1548 autem
1330 1504 1375 1548 in
1400 1521 1498 1549 car-

89 1597 194 1627 cere
217 1580 482 1626 Aurelianis
510 1579 722 1636 civitate,
762 1579 840 1624 ubi
879 1579 1181 1625 detinebatur
1221 1597 1366 1644 nepos
1403 1581 1498 1645 ejus

90 1656 316 1712 Karolus,
344 1656 515 1701 mansit
541 1654 604 1700 ibi
629 1657 765 1701 annis
785 1655 951 1702 trihus.
974 1655 1268 1702 Nuntiantur
1286 1657 1386 1703 haec
1402 1673 1501 1703 om-

87 1735 164 1781 nia
183 1734 374 1798 praesuli
394 1734 628 1780 Romano.
655 1733 743 1792 Qui
770 1733 903 1779 valde
925 1732 1196 1797 indignatus
1220 1751 1359 1798 super
1380 1733 1469 1781 hoc
1484 1771 1494 1790 ‚

90 1811 333 1859 interdixit
357 1828 520 1858 omnes
544 1812 812 1874 episcopos,
834 1811 914 1874 qui
943 1811 1195 1857 Arnulsum
1212 1811 1496 1875 dejecerant,

90 1901 137 1936 ct
150 1889 437 1936 Gerhertum
458 1888 811 1935 ordinm-crant.
840 1889 966 1933 Misit
991 1906 1179 1953 quoquc
1202 1890 1408 1935 Leonem
1425 1889 1501 1934 ab·

90 1966 249 2013 batem
271 1985 292 2012 a
319 1966 422 2012 sede
452 1966 705 2029 apostolica
732 1965 788 2011 ad
812 1965 1041 2012 domnum
1070 1968 1311 2015 Scwinum
1340 1967 1502 2014 archi-

92 2044 363 2108 episcopum
389 2043 520 2089 urbis
553 2044 824 2100 Senonicae,
849 2046 928 2109 qui
951 2046 1051 2091 vice
1082 2064 1159 2091 sua
1195 2046 1239 2091 in
1272 2045 1389 2091 urbe
1409 2047 1503 2092 Re-

93 2122 241 2168 mensi
288 2121 518 2184 synodum
565 2134 900 2187 congregaret3
946 2122 1171 2170 mandans
1205 2124 1271 2169 illi
1319 2135 1372 2169 ut
1405 2124 1504 2170 sine

94 2197 318 2244 dilatione
336 2209 581 2244 revocaret
605 2197 661 2244 de
685 2216 871 2245 carcere
896 2199 1176 2257 Arnulsum,
1204 2212 1250 2246 et
1273 2199 1505 2264 degrada—

97 2285 170 2321 ret
214 2274 518 2321 Gerbcrtum.
558 2275 768 2322 Collecto
809 2276 952 2340 igitur
984 2277 1212 2334 concilio,
1253 2277 1426 2323 iterum
1458 2278 1505 2323 in

96 2351 214 2399 urbe
236 2353 452 2399 Remensi
478 2370 532 2399 ex
553 2354 760 2417 jussione
782 2355 1032 2417 apostolica
1051 2365 1295 2401 revocatus
1321 2365 1389 2401 est
1410 2354 1508 2401 Ar-

98 2431 253 2476 nulsus
273 2430 330 2477 de
353 2430 559 2478 custodia
580 2467 590 2485 ,
619 2442 665 2477 et
689 2450 797 2477 cum
821 2432 1002 2480 honore
1026 2451 1202 2496 magno
1224 2444 1438 2497 receptus
1460 2434 1506 2479 in

99 2507 290 2570 propria
328 2507 448 2554 sede.
483 2508 744 2555 Gerbertus
784 2520 940 2556 autem
975 2511 1245 2575 intelligens
1274 2510 1401 2575 quod
1429 2511 1508 2556 in-

97 2584 216 2647 juste
242 2586 561 2648 pontificalem
597 2586 876 2651 dignitatem
905 2590 1196 2652 suscepisset,
1225 2588 1508 2652 poenitentia

103 2660 268 2707 ductus
286 2674 370 2709 est.
407 2663 780 2711 Altercationcm
814 2670 929 2712 vero
958 2665 1176 2713 Gerbcrii
1207 2664 1446 2729 pontilicis
1465 2676 1511 2711 ct

106 2739 271 2785 Leonis
290 2740 488 2797 abbatis,
508 2743 641 2788 valde
659 2743 840 2798 utilem,
870 2744 1052 2806 plenius
1077 2745 1283 2790 invenies
1303 2744 1347 2788 in
1374 2743 1512 2803 gestis
