2033 3445
64 317 506 379 ν[πονεΜΒΒῐ-υι-ῐςιῐῃιηιῐ
531 330 648 379 1098]
678 327 831 366 LIBER
858 328 1038 366 NONUS.
1399 333 1477 370 579

70 417 334 480 quintoque
346 415 564 462 kalendas
575 415 837 462 decembris
853 417 924 480 (1)
940 417 1166 480 applicuit
1180 417 1236 463 ad
1251 418 1476 475 Marram5

70 493 310 539 civitatem
335 494 403 556 (2)
439 494 672 539 munitam
705 504 751 539 et
773 494 1005 556 opimam,
1032 504 1080 539 et
1111 494 1273 540 multis
1299 495 1480 559 Agare-

71 587 244 616 uorum
268 570 540 617 nationibus
563 572 802 617 refertam.
826 571 911 617 Die
934 587 1047 617 vero
1080 571 1280 617 crastina
1312 572 1478 618 civita—

74 658 167 693 tem
181 665 289 693 cum
309 649 398 693 suis
410 664 679 711 expugnare
691 648 862 711 coepit3
885 647 962 693 sed
976 646 1270 693 obstantibus
1289 650 1480 695 moeniis

71 735 118 770 et
142 723 464 770 defensoribus
484 735 607 770 tunc
632 724 754 770 nihil.
783 725 1000 788 profecit.
1030 724 1181 784 Quem
1209 724 1480 773 subsecutus

70 801 145 847 die
169 800 407 848 dominica
442 801 743 847 Buamundus
782 802 880 865 (3),
919 801 1196 865 praedictam
1228 802 1284 848 ad
1310 802 1480 850 urbem

72 879 219 924 venit.
260 877 422 924 Altera
446 895 560 924 vero
592 878 666 925 die
693 879 895 924 viriliter
919 879 1088 924 urbem
1115 880 1316 943 aggressi
1343 892 1477 938 sunt,

74 967 251 1002 tutores
274 957 569 1002 moeniorum
593 957 732 1002 variis
754 955 1000 1002 assultibus
1026 957 1361 1003 infestaverunt
1371 977 1384 1014 3
1404 957 1483 1004 sed

74 1050 240 1096 parum
255 1033 318 1078 eis
337 1045 621 1080 nocuerunt.
643 1034 787 1079 Scalae
807 1033 863 1079 ad
877 1051 1068 1079 murum
1088 1034 1273 1079 stabant
1292 1046 1478 1092 erectae;

73 1108 147 1154 sed
194 1110 359 1154 Turcis
409 1110 780 1156 occlamantibus
819 1121 866 1156 et
909 1109 1294 1173 oppugnantibus
1343 1128 1482 1158 nemo

72 1185 387 1249 praesumebat
434 1186 672 1232 scandere.
719 1187 850 1232 Cives
888 1187 1018 1232 enim
1063 1203 1111 1232 se
1157 1188 1252 1232 istis
1294 1187 1480 1234 obstare

71 1279 203 1326 posse
225 1261 505 1316 credebant‚
535 1264 654 1309 sicut
676 1262 943 1309 Raimundo
965 1263 1115 1309 Pileto
1135 1275 1268 1310 antea
1289 1264 1481 1312 obstite-

71 1351 195 1385 rant.
223 1339 514 1386 Raimundus
537 1357 690 1386 comes
714 1341 922 1403 ligneam
938 1340 1046 1386 fecit
1067 1340 1335 1387 machinam
1352 1360 1480 1388 con]-

71 1416 282 1479 paginari
297 1451 309 1472 ,
337 1434 405 1471 ac,
430 1427 483 1461 ut
505 1415 711 1462 habilior
728 1427 845 1462 esset
862 1415 918 1461 ad
938 1416 1316 1473 conducendum,
1340 1436 1480 1481 super

69 1504 274 1557 quatuor
298 1494 476 1540 rotulas
499 1510 601 1539 eam
623 1494 863 1539 collocari.
889 1494 997 1538 Fuit
1016 1504 1171 1539 autem
1197 1505 1339 1540 tantae
1360 1513 1479 1558 pro—

69 1571 275 1616 ceritatis
306 1581 359 1616 ut
395 1571 690 1616 moeniorum
728 1570 917 1615 culmen
953 1568 1237 1632 despiceret,
1273 1573 1478 1618 turrium

69 1664 258 1712 quoque
294 1657 623 1710 porrecturam
656 1645 942 1711 adaequaret.
970 1647 1157 1692 Struem
1184 1648 1328 1711 igitur
1350 1649 1480 1695 illam

69 1737 267 1789 propter
295 1724 547 1789 quamdam
578 1735 760 1769 turrem
792 1722 1121 1770 admoverunt.
1161 1726 1408 1772 Lituorum
1434 1738 1480 1772 et

71 1802 290 1848 tubarum
327 1801 610 1865 clangebant
646 1801 830 1846 classica
867 1801 964 1861 (4),
1002 1800 1253 1865 phalanges
1285 1814 1477 1849 armatae

66 1876 492 1924 circumvallabant
515 1877 710 1922 moenia.
735 1876 969 1921 Balistarii
992 1887 1038 1921 et
1061 1878 1287 1940 sagittarii
1309 1877 1479 1942 dirige-

67 1954 185 2001 bant
210 1954 412 2018 spicula,
448 1965 493 1999 et
523 1954 603 2017 qui
631 1954 676 1999 in
704 1970 809 1999 arce
834 1964 970 1998 erant
993 1953 1172 2016 lignea,
1192 1955 1349 2017 jusum
1372 1973 1477 2001 saxa

64 2031 342 2097 jactitabant
379 2032 610 2094 ingentia3
649 2030 909 2076 sacerdotes
939 2041 983 2076 et
1023 2031 1181 2076 clerici
1218 2031 1474 2077 Dominum

68 2127 158 2173 pro
183 2110 364 2173 populo
391 2126 472 2155 suo
499 2109 775 2171 suppliciter
807 2106 1084 2154 exorabant.
1114 2108 1389 2154 Willelmus
1419 2109 1476 2155 de

69 2186 450 2232 Monte-Pislerio
483 2196 530 2231 et
550 2185 629 2230 alii
662 2185 818 2248 plures
848 2185 894 2230 in
929 2183 1144 2230 machina
1179 2184 1472 2248 pugnabant,

114 2349 163 2394 (1)
184 2349 230 2382 Le
251 2349 386 2382 samedi
408 2359 450 2396 ²7
472 2348 680 2381 novembre.
700 2347 731 2380 ll
752 2349 839 2381 ctait
859 2348 952 2393 parti
973 2347 1191 2382 d’Antioche
1211 2347 1243 2382 le
1263 2346 1319 2382 23.

116 2407 353 2452 (2)Ma1·rah‚
379 2409 397 2441 a
421 2407 596 2454 quelques
622 2407 753 2441 heures
777 2419 821 2440 au
845 2406 1015 2441 nord-est
1037 2406 1252 2453 d’Apanuie,
1276 2414 1330 2441 est
1346 2420 1477 2443 encore

69 2465 114 2500 de
131 2478 196 2500 nos
209 2466 314 2511 jours
332 2479 404 2500 une
422 2466 504 2500 ville
524 2465 568 2500 de
587 2466 671 2513 cinq
690 2468 708 2499 ἐι
727 2467 779 2499 six
794 2465 893 2500 mille
911 2465 1109 2501 habitants.

116 2524 166 2569 (5)
187 2525 234 2560 Le
253 2525 448 2560 dimanehe
468 2525 511 2559 28
533 2526 742 2559 novembre.
762 2525 813 2559 Ce
832 2537 876 2558 ne
897 2524 953 2559 sut
970 2537 1032 2571 pas
1053 2525 1253 2559 seulement
1271 2524 1475 2567 Boemond‚

71 2585 158 2617 mais
168 2596 300 2619 encore
316 2598 389 2619 uno
403 2584 540 2631 grande
554 2585 671 2631 partie
686 2584 732 2619 de
744 2583 891 2618 l'armee
909 2584 1134 2627 chretienne,
1154 2585 1216 2631 qni
1232 2583 1309 2618 vint
1320 2583 1477 2631 prendre

71 2650 151 2688 part
167 2656 212 2677 au
231 2645 327 2689 siege
345 2644 390 2678 de
410 2644 571 2678 Marrah.

115 2703 164 2748 (4)
184 2702 245 2738 On
267 2716 358 2738 nous
379 2717 397 2738 a
417 2706 587 2739 conserve
608 2703 640 2738 le
660 2715 745 2737 nom
766 2702 817 2737 du
837 2703 1002 2749 guerrici·
1024 2703 1087 2749 qui
1110 2702 1262 2737 donnait
1282 2701 1330 2735 <lu
1350 2713 1412 2735 cor
1431 2713 1477 2736 ou

69 2759 115 2795 ‹le
131 2760 164 2794 la
181 2768 380 2809 trompette
398 2775 460 2797 sur
478 2771 571 2798 cette
591 2763 759 2798 machine
777 2762 822 2796 de
844 2775 996 2809 guerre:
1019 2763 1137 2797 detuit
1155 2761 1351 2797 Ewardus
1368 2773 1474 2794 mena-

71 2825 138 2853 lor.
160 2820 324 2857 lrautrcs
343 2822 551 2868 l⁷appellent
569 2822 832 2857 Hemiranduc.
