2033 3445
103 281 240 330 [1096]
623 280 777 318 LIBER
805 279 984 319 NONUS.
1432 283 1503 322 491

101 364 320 412 bentibus
339 365 521 423 TurciS,
540 382 639 411 cam
658 367 980 429 imperfectam
992 368 1267 430 reliquerat.
1286 369 1511 416 Soliman-

103 460 191 488 nus
223 458 362 498 vero,
400 443 532 488 victis
566 441 908 506 Allobrogibus
943 453 989 488 et
1022 442 1296 490 Alemannis
1335 446 1508 503 elatus,

104 517 427 574 chevetotem,
441 518 611 565 Nicaeae
622 520 845 577 vicinam,
861 518 918 565 de
935 519 1176 583 triumpho
1188 537 1390 576 securus,
1405 541 1512 569 cum

104 595 213 652 suis,
237 596 336 659 jam
354 596 423 641 nil
450 596 536 661 nisi
562 597 838 659 sanguinem
860 595 1150 653 sitientibus,
1174 596 1309 656 adiit,
1335 610 1382 644 et
1406 617 1513 646 cum

103 689 276 735 magno
311 673 490 735 impetu
519 688 659 735 super
691 672 850 720 Gallos
886 673 1042 718 irruit.
1076 673 1243 719 Petrus
1271 675 1398 720 enim
1416 676 1513 739 jam

106 749 568 812 Constantinopolim
593 748 820 806 redierat,
846 751 1072 814 quoniam
1096 750 1232 796 illum
1254 752 1514 798 auscultare

105 843 184 871 sua
203 825 372 872 cohors
391 842 491 872 non
510 826 854 890 adquiescebat.
875 827 1090 874 Effrenes
1107 839 1263 875 autem
1281 828 1422 876 Turci
1444 846 1515 875 su-

105 901 208 950 bito
226 914 552 960 accurrerunt,
575 904 765 968 egregio
782 904 922 950 militi
940 904 1287 968 Gualterio(1),
1310 907 1512 970 principi

105 980 285 1026 militiae
299 1016 313 1037 ,
346 981 529 1044 suisque
551 981 958 1028 commilitonibus
982 983 1295 1029 obviaverunt
1315 984 1411 1047 (2),
1444 985 1513 1048 ip-

105 1073 302 1121 sumque
339 1074 447 1103 cum
482 1059 668 1116 multis,
694 1059 803 1122 quia
838 1059 1054 1122 imparati
1087 1071 1245 1117 erant,
1272 1060 1404 1107 facile
1427 1060 1514 1107 de—‘

106 1144 463 1180 truncaverunt.
483 1135 790 1181 Guillelmum
803 1153 934 1192 vero,
952 1137 1150 1183 fratrem
1162 1139 1276 1201 erS,
1294 1155 1401 1184 cum
1414 1138 1515 1202 qui-

104 1210 301 1257 busdam
331 1212 431 1258 aliis
461 1213 849 1258 vulneraverunt.
879 1212 946 1259 Ibi
987 1215 1128 1259 etiam
1161 1213 1516 1261 decollaverunt

106 1288 356 1352 quemdam
372 1289 562 1336 Domini
579 1289 887 1346 sacerdotem,
904 1291 1151 1336 missarum
1165 1292 1391 1337 solemnia
1412 1309 1516 1356 sup-

107 1366 296 1429 pliciter
316 1366 652 1414 celebrantem.
670 1367 717 1412 Si
736 1369 817 1431 qui
837 1367 1033 1413 evadere
1052 1369 1147 1413 vivi
1165 1378 1442 1431 potuerunt,
1467 1369 1516 1415 in

109 1442 280 1488 urbem
293 1442 532 1506 fugerunt,
548 1443 624 1489 vel
642 1444 691 1489 in
707 1444 921 1501 carectis,
937 1455 1017 1489 aut
1030 1444 1174 1502 silvis,
1192 1461 1271 1491 seu
1281 1445 1518 1491 montanis

110 1519 415 1566 delituerunt.
429 1521 567 1567 Pauci
583 1537 710 1575 vero,
720 1522 800 1585 qui
813 1522 1131 1577 castellum,ut
1142 1538 1188 1568 se
1200 1521 1519 1577 defenderent,

112 1608 389 1651 tenuerunt,
428 1598 603 1644 multos
642 1597 963 1645 obsidentium
1011 1611 1335 1662 peremerunt.
1376 1601 1518 1646 Turci

109 1675 235 1738 ligna
271 1675 620 1739 quamplurima
662 1675 990 1740 undecumque
1028 1677 1314 1734 attulerunt,
1355 1678 1521 1724 inccn-

109 1751 240 1798 dium
264 1753 454 1799 castello
473 1763 519 1799 et
543 1753 815 1799 hominibus
837 1766 1245 1817 praeparaverunt.
1267 1754 1519 1801 Christiani

111 1840 267 1876 autem
282 1866 296 1885 ‚
318 1841 527 1876 extrema
544 1832 641 1894 jam
668 1832 716 1876 in
733 1830 1057 1894 desperatione
1081 1833 1219 1894 positi
1236 1868 1248 1888 ,
1276 1833 1523 1879 animosio-

112 1923 184 1953 res
202 1906 420 1953 audacter
437 1907 593 1970 ignem
611 1909 659 1953 in
679 1908 806 1972 ligna
826 1919 934 1954 sunt
946 1909 1151 1973 jaculati.
1168 1909 1242 1956 Sic
1262 1910 1406 1973 igitur
1419 1926 1523 1956 eva-

112 1993 277 2030 serunt
299 1983 587 2029 incendium.
616 1984 689 2029 Ex
721 1984 932 2048 utrisque
958 1986 1202 2049 perierunt
1234 1986 1454 2048 plurimi,
1478 1996 1524 2032 et

116 2059 206 2105 hoc
231 2059 432 2123 contigit
453 2076 614 2106 mense
637 2061 837 2107 octobri.
860 2062 1022 2108 Plures
1041 2078 1096 2108 ex
1120 2062 1385 2125 peregrinis
1407 2078 1525 2124 pro-

117 2138 214 2201 fugi
243 2137 511 2191 redierunt,
537 2148 584 2184 et
605 2139 900 2203 sequacibus,
930 2141 1010 2204 qui
1034 2138 1184 2186 adhuc
1206 2140 1323 2186 citra
1344 2140 1526 2203 Byzan-

122 2226 223 2260 tum
241 2226 387 2261 castra
412 2216 572 2261 metati
596 2217 804 2274 fuerant,
830 2233 958 2263 casus
986 2234 1090 2264 suos
1113 2218 1398 2263 retulerunt.
1431 2217 1526 2262 Im-

120 2302 313 2355 perator
337 2293 552 2339 omnium
577 2295 692 2340 emit
713 2311 839 2340 arma
854 2330 866 2350 ,
888 2305 942 2340 ut
960 2295 1163 2341 inermes
1190 2295 1356 2341 incolis
1373 2294 1528 2340 minus

123 2386 296 2416 nocere
319 2381 507 2433 possent
540 2372 587 2417 in
619 2372 812 2435 regione
843 2372 1012 2418 aliena.
1045 2372 1139 2418 Alii
1165 2372 1278 2419 alios
1309 2381 1530 2435 expecta-

124 2445 264 2504 bant,
285 2457 339 2493 ut
363 2448 560 2495 consilio
584 2449 931 2495 communicato
947 2484 958 2503 ,
982 2449 1286 2495 auxiliaribus
1307 2449 1413 2495 freti
1439 2449 1531 2495 du-

127 2522 279 2582 cibus,
310 2535 356 2570 et
383 2526 528 2588 copiis
552 2528 708 2589 stipati
740 2526 1045 2583 militaribus,
1071 2528 1221 2573 Deum
1245 2526 1461 2591 precibus
1487 2537 1532 2572 et

175 2670 223 2713 (ι)
243 2670 644 2705 Gautier·Sans-Avon:
678 2672 793 2717 &so->oz
812 2671 1006 2714 ci-‹lcssus,
1029 2684 1064 2717 p.
1087 2671 1153 2718 478

176 2730 225 2773 (¹2)
246 2729 295 2762 M.
315 2729 487 2763 Micliaud
508 2730 604 2776 placit
634 2730 663 2763 lc
687 2730 825 2764 tluizitrc
851 2731 894 2763 (lc
916 2744 953 2765 cc
976 2731 1112 2765 combat
1136 2733 1153 2765 ξι
1172 2732 1222 2765 six
1240 2731 1351 2763 liviws
1372 2732 1391 2763 ἐι
1408 2729 1535 2764 l'oucst

137 2786 180 2822 sle
196 2784 329 2833 Nicen,
351 2796 452 2824 eutr(¹
473 2790 504 2824 lc
522 2790 575 2824 lac
594 2791 769 2825 Ascanius
787 2797 822 2825 ct
841 2791 870 2824 lc
891 2790 1016 2835 village
1038 2798 1116 2824 turc
1136 2790 1178 2825 (le
1202 2790 1432 2824 llasar-<l<eni.
