2085 3455
574 308 650 343 208
939 305 1181 344 HISTORIA
1213 307 1615 346 ECCLESIASTICA.
1848 311 1983 361 [1087]

572 391 739 437 Finitis
755 408 869 439 vero
885 393 1183 455 singulorum
1197 393 1431 457 precibus,
1452 406 1706 458 coeperunt
1720 394 1895 442 {edituo
1914 399 1984 460 (1)

570 468 869 530 percunctari
915 467 994 513 ubi
1031 469 1207 532 jaceret
1248 487 1417 533 corpus
1463 471 1607 516 sancti
1649 471 1849 518 Nicolai.
1896 471 1985 532 Qui

570 563 683 592 mox
705 546 862 592 locum
887 546 1168 603 ostendunt,
1196 558 1242 592 et
1265 546 1321 592 de
1348 548 1531 611 liquore
1555 559 1716 594 sancto
1741 549 1988 596 extrahen-

570 633 654 678 tes,
678 623 770 668 illis
794 621 1030 668 tribuunt.
1052 624 1188 669 Tunc
1210 624 1384 686 Lupus,
1408 625 1623 670 Barensis
1646 624 1909 688 presbyter,
1930 625 1987 672 de

569 701 676 747 oleo
713 711 875 747 sancto
911 702 956 746 in
990 701 1137 746 vitrea
1169 702 1374 765 ampulla
1406 703 1630 765 suscepit,
1667 703 1907 767 ipsamque
1938 704 1984 750 in

569 778 690 835 alto,
724 789 776 823 ut
802 777 867 823 ibi
898 777 1043 823 tutius
1072 789 1356 836 servaretur,
1386 780 1547 842 ponit;
1577 797 1682 843 quae
1713 797 1842 838 casu,
1873 780 1988 827 dum

569 855 899 920 loquerentur,
928 856 1251 918 pavimentum
1283 874 1422 920 super
1444 875 1768 904 marmoreum
1792 859 1984 916 cecidit,

569 932 648 978 sed
664 933 803 978 illaesa
824 949 919 978 non
935 933 1033 978 sine
1052 932 1367 980 admiratione
1382 935 1598 980 omnium
1615 936 1876 997 permansit
1894 936 1983 999 (2).

568 1011 720 1056 Porro
745 1011 970 1055 Barenses
995 1028 1100 1055 cum
1134 1010 1286 1056 tribus
1316 1010 1584 1068 monachis,
1618 1012 1698 1075 qui
1733 1011 1790 1057 ad
1826 1023 1988 1060 custo-

568 1086 759 1133 diendas
780 1087 1001 1151 reliquias
1024 1088 1177 1133 relicti
1199 1099 1356 1145 erant,
1384 1090 1511 1153 quasi
1539 1100 1871 1153 attemptantes
1896 1091 1989 1137 col-

568 1164 701 1228 loqui
725 1175 979 1228 coeperunt
1009 1184 1018 1209 :
1051 1165 1282 1211 Volumus
1315 1165 1428 1211 lzinc
1454 1178 1672 1212 sanctam
1703 1185 1876 1231 corpus
1900 1168 1988 1214 tol-

570 1241 664 1286 lere
673 1279 689 1299 ,
718 1253 1021 1305 nostramque
1040 1241 1110 1286 ad
1122 1243 1338 1306 patriam
1359 1253 1705 1308 transportare.
1733 1244 1846 1290 Hac
1865 1247 1989 1289 enim

564 1337 654 1383 pro
676 1336 832 1365 caasa
855 1320 1078 1365 Romano
1101 1322 1234 1365 missi
1258 1337 1288 1364 a
1308 1321 1538 1383 pontifice
1566 1324 1807 1378 venimus,
1841 1322 1988 1368 tribas

570 1397 757 1442 advecti
788 1396 1007 1442 navibus.
1047 1396 1101 1441 Si
1134 1399 1399 1442 consentire
1431 1397 1567 1443 nobis
1597 1397 1687 1444 lzoc
1714 1397 1985 1456 volueritis,

569 1473 798 1520 dabimus
832 1473 963 1520 vobis
994 1473 1052 1519 de
1087 1491 1378 1538 unaquaque
1408 1478 1566 1541 pappi
1598 1486 1784 1522 centum
1817 1494 1989 1523 aureos

571 1551 774 1598 solidos.

636 1628 894 1675 Audientes
919 1640 1075 1675 autem
1101 1628 1202 1676 haec
1227 1630 1471 1687 monachi,
1500 1632 1659 1678 statim
1678 1633 1920 1695 stupefacti
1944 1643 1990 1678 et

570 1706 726 1771 pavidi
744 1706 969 1753 dixerunt
990 1728 999 1752 :
1029 1708 1251 1772 Qualiter
1265 1709 1355 1755 lzoc
1370 1710 1604 1757 audemus
1629 1712 1858 1775 incipere,
1881 1728 1989 1756 cum

570 1784 734 1830 nullas
765 1785 983 1830 mortalis
1017 1785 1245 1832 lzactenas
1271 1785 1358 1832 lzoc
1387 1787 1592 1833 voluerit
1615 1790 1808 1850 Impune
1833 1798 1989 1853 temp—

572 1861 706 1908 tare?
747 1862 871 1926 Quis
909 1865 1187 1909 temerarias
1221 1867 1340 1910 tanti
1374 1869 1644 1911 commercii
1680 1884 1780 1912 esse
1810 1867 1989 1932 poterit

569 1950 751 2003 emptor
771 1939 850 1984 vel
877 1938 1134 1985 venditor?
1169 1940 1292 2004 Qua>
1316 1952 1412 1986 tam
1431 1944 1645 2006 pretiosa
1669 1959 1740 1989 res
1767 1953 1810 1987 et
1834 1941 1989 1988 admi-

571 2017 738 2063 rabilis
763 2028 895 2063 tanto
922 2016 1143 2064 tlzesaaro
1166 2019 1558 2084 comparabitur?
1588 2020 1625 2066 S
1629 2022 1647 2066 i
1669 2021 1873 2067 Domini
1894 2032 1989 2067 ter-

571 2111 733 2140 raram
758 2112 855 2141 non
882 2099 1150 2153 temerarie,
1180 2097 1267 2142 secl
1281 2098 1510 2162 precibus
1536 2110 1581 2144 et
1610 2099 1987 2164 supplicationi-

572 2172 659 2218 bus
695 2173 827 2219 istud
861 2191 959 2219 non
994 2174 1220 2220 inclzoare
1258 2186 1624 2241 temptaverant,
1665 2176 1870 2238 qualiter
1898 2194 1987 2222 vos

570 2250 794 2296 valebitis
820 2252 1014 2314 operari
1026 2255 1052 2295 9
1077 2251 1230 2298 Sinite
1260 2271 1371 2317 ergo
1398 2255 1610 2319 amplius
1635 2265 1822 2301 tantam
1847 2253 1987 2319 nefas

572 2380 708 2387 --—....

618 2449 670 2495 (1)
692 2448 793 2482 Lisez
820 2464 826 2482 2
849 2448 1027 2483 AEditmts.
1062 2449 1093 2483 Il
1123 2449 1240 2496 parait
1260 2462 1331 2497 que
1355 2450 1388 2485 le
1412 2458 1568 2485 convent
1597 2452 1686 2486 etait
1710 2454 1729 2486 a
1755 2452 1923 2498 tres-peu
1942 2452 1987 2486 de

570 2509 732 2544 distance
752 2508 814 2543 des
832 2509 1068 2544 habitations.
1105 2510 1161 2545 Un
1179 2518 1358 2557 pazeno,
1385 2512 1441 2546 dit
1457 2511 1614 2546 l’auteur
1634 2512 1773 2547 italien.
1794 2513 1860 2546 Les
1877 2524 1985 2558 voya-

572 2581 680 2616 geurs
701 2582 723 2616 y
743 2570 955 2604 trouverent
977 2577 1106 2617 quatre
1134 2571 1293 2615 moines,
1323 2578 1359 2606 et
1386 2584 1459 2606 non
1487 2583 1550 2618 pas
1567 2573 1678 2615 trois,
1707 2584 1849 2606 comme
1878 2571 1912 2606 le
1931 2572 1987 2606 dit

570 2637 676 2664 notre
695 2636 840 2664 auteur.

616 2693 667 2735 (2)
688 2690 840 2725 Suivant
856 2689 907 2724 les
923 2702 1124 2737 voyageurs
1136 2720 1144 2735 ‚
1164 2704 1204 2726 ce
1227 2692 1283 2727 sut
1300 2693 1394 2727 saint
1416 2692 1561 2727 nicolas
1589 2693 1652 2740 qui
1672 2692 1712 2727 fit
1729 2692 1874 2727 tomber
1891 2699 1984 2727 cette

571 2749 652 2784 siole
669 2761 731 2784 sur
748 2748 781 2783 le
799 2748 871 2783 lieu
891 2750 939 2783 ou
964 2751 1123 2796 reposait
1147 2763 1210 2786 son
1229 2764 1352 2799 corps,
1373 2751 1444 2786 afm
1463 2751 1507 2786 de
1525 2751 1606 2787 leur
1624 2764 1670 2786 eu
1690 2751 1863 2799 indiquer
1880 2751 1983 2786 l’em—

570 2809 773 2856 placement
791 2817 903 2843 exact.
