2033 3445
27 356 161 407 [1089]
506 350 658 387 LIBER
686 348 932 385 OCTAVUs.
1348 350 1425 386 313

28 443 164 496 bant,
205 450 251 484 et
285 437 455 483 ibidem
488 448 593 500 post
627 436 837 482 laborem
872 436 1011 481 citam
1055 436 1426 497 repausationem

29 515 292 570 sumebant,
320 525 460 578 atque
488 524 593 576 post
623 512 826 558 inediam
853 511 1044 558 uberem
1076 512 1346 557 alimoniam
1372 531 1426 558 ex

27 593 317 642 institutione
341 590 591 655 principali
614 588 932 653 reperiebant.
952 589 1102 652 Igitur
1120 604 1174 633 ex
1195 589 1428 650 insperato

29 670 271 722 consolati,
297 669 395 715 Deo
413 667 582 732 gratias
599 666 826 731 agebant,
851 678 896 713 et
915 683 1004 730 pro
1022 664 1400 711 benefactoribus
1416 702 1426 721 ‚

27 750 105 814 qui
129 748 266 810 longe
284 756 391 792 ante
416 756 599 791 tantum
621 744 708 790 sibi
733 744 1008 807 sull'ragium
1028 752 1427 806 praeparaverant,

26 825 291 871 Creatorem
328 823 543 869 omnium
579 822 655 885 pie
687 821 965 868 exorabant.
1007 820 1273 883 Antequam
1312 818 1433 864 Nor-

27 902 182 949 manni
206 899 425 964 Angliam
447 899 784 956 obtinuissent,
809 916 909 945 mos
933 910 1033 944 erat
1052 909 1128 955 ut,
1153 897 1267 942 dum
1285 906 1431 942 recto-

28 997 96 1027 res
113 978 410 1026 ecclesiarum
428 977 642 1033 obirent,
671 978 914 1040 episcopus
934 974 1270 1022 coenobiorum
1283 1010 1294 1030 ,
1325 991 1431 1037 qua?

28 1059 71 1104 in
104 1074 178 1102 sua
202 1055 392 1102 dioecesi
418 1066 576 1110 erant,
614 1072 687 1101 res
719 1055 915 1101 sollicite
939 1053 1250 1109 describeret,
1277 1063 1323 1097 et
1346 1050 1433 1096 sub

26 1134 196 1182 ditione
241 1151 344 1191 sua,
393 1133 543 1179 donec
588 1133 777 1179 abbates
822 1133 1028 1195 legitime
1072 1130 1427 1185 ordinarentur,

27 1210 289 1259 custodiret.
317 1211 543 1256 Similiter
563 1210 939 1273 archiepiscopus
965 1209 1188 1272 episcopii
1222 1225 1318 1264 res,
1347 1226 1433 1252 an—

31 1290 163 1335 tistite
179 1288 424 1346 defuncto,
448 1289 688 1344 servabat,
717 1300 764 1335 et
788 1287 1072 1352 pauperibus
1091 1287 1164 1332 vel
1182 1286 1433 1331 structuris

29 1365 344 1423 basilicarum,
389 1367 459 1412 vel
493 1367 594 1413 aliis
635 1366 771 1413 bonis
807 1366 1055 1429 operibus,
1097 1382 1204 1411 cum
1238 1363 1434 1409 consilio

30 1443 386 1491 domesticorum
400 1443 605 1508 ejusdem
625 1445 831 1491 ecclesiae
849 1442 1154 1489 distrahebat.
1175 1444 1311 1487 Hunc
1332 1458 1435 1504 pro—

31 1522 142 1569 fecto
162 1539 344 1568 morem
365 1522 645 1568 Guillelmus
670 1522 813 1567 Rufus
836 1521 894 1567 ab
920 1520 1056 1566 initio
1081 1521 1215 1583 regni
1242 1519 1309 1564 sui
1330 1535 1436 1581 per-

33 1600 232 1647 suasione
256 1598 525 1646 Flambardi
551 1599 780 1657 abolevit,
808 1610 854 1645 et
874 1597 1291 1661 metropolitanam
1317 1595 1436 1640 Can-

34 1678 186 1723 tuariae
211 1676 367 1723 sedem
386 1678 484 1723 sine
510 1676 735 1740 pontifice
759 1676 909 1722 tribus
929 1676 1064 1721 annis
1088 1691 1182 1720 esse
1201 1673 1310 1719 fecit
1335 1674 1432 1736 (ι),

31 1755 208 1819 ejusque
226 1754 436 1801 redditus
454 1755 545 1800 suis
565 1754 790 1800 thesauris
812 1754 989 1799 intulit.
1011 1754 1242 1816 Injustum
1260 1752 1436 1815 quippe

32 1831 224 1890 videtur,
270 1834 496 1897 omnique
531 1833 708 1879 rationi
745 1831 1040 1878 contrarium
1080 1841 1131 1876 ut
1168 1829 1300 1893 quod
1338 1829 1439 1875 Deo

32 1907 183 1954 datum
204 1919 272 1955 est
296 1908 506 1954 fidelium
527 1908 807 1954 liberalitate
826 1907 1098 1971 principum
1114 1943 1124 1959 ‚
1153 1906 1225 1951 vel
1247 1905 1435 1951 solertia

31 1984 396 2049 dispensatorum
429 1986 750 2032 ecclesiasticae
790 1986 856 2032 rei
895 1984 1195 2031 laudabiliter
1230 1995 1298 2030 est
1331 2000 1435 2028 auc-

35 2073 151 2120 tum,
176 2062 332 2110 denuo
350 2063 437 2108 sub
458 2063 604 2109 laicali
626 2081 769 2108 manu
789 2061 1076 2117 retrahatur,
1100 2073 1145 2107 et
1167 2062 1213 2106 in
1240 2059 1438 2106 nefarios

37 2141 183 2186 saeculi
219 2158 325 2186 usus
358 2139 663 2186 distrahatur.
697 2138 1024 2185 Indubitanter
1057 2136 1346 2184 credendum
1371 2148 1439 2182 est

39 2215 182 2280 quod,
209 2218 327 2264 sicut
352 2217 443 2274 illi,
471 2218 551 2281 qui
577 2218 677 2263 Deo
701 2216 757 2263 de
782 2217 872 2263 suis
890 2215 1059 2279 opibus
1081 2217 1157 2279 pie
1180 2214 1436 2269 dederunt,

35 2293 124 2357 jam
158 2294 518 2341 retributionem
554 2295 836 2341 meritorum
876 2294 1083 2341 donante
1115 2294 1215 2340 Deo
1247 2310 1441 2356 recepe—

40 2381 175 2429 runt,
202 2372 265 2417 sic
293 2372 507 2436 sacrilegi
531 2390 773 2419 sacrorum
796 2373 1031 2418 invasores
1057 2373 1211 2418 ultore
1233 2372 1332 2417 Deo
1350 2389 1442 2434 pu—

40 2446 242 2505 nientur,
266 2449 554 2514 opibusque,
577 2468 690 2514 quas
727 2450 895 2513 injuste
920 2448 1192 2512 possident,
1217 2466 1323 2495 cum
1341 2449 1438 2512 jugi

39 2523 257 2573 dedecore
280 2527 625 2590 spoliabuntur.
650 2528 999 2590 Omnipotentis
1017 2528 1144 2573 enim
1171 2528 1242 2573 lex
1267 2538 1440 2573 aeterna

83 2728 130 2771 (¹)
148 2728 191 2763 ‘28
212 2732 279 2764 mai
306 2731 435 2777 1089-(5
455 2744 548 2765 mars
572 2731 658 2778 1095
698 2732 834 2764 linem-e-
854 2730 1001 2763 l'allnt-il
1022 2731 1049 2763 la
1072 2731 1318 2763 vii-constance
1336 2728 1443 2760 (Ιίιιιι-

43 2784 189 2819 nlaladie
217 2800 320 2831 grave
346 2796 378 2820 «¹1
404 2790 448 2823 di:
473 2790 500 2823 la
529 2790 686 2823 violem-⁴·
712 2801 782 2835 qur
807 2789 854 2821 lui
884 2789 985 2821 lirrnt
1009 2801 1060 2820 svs*
1083 2790 1197 2820 ‹vi-xit<
1215 2800 1291 2825 nis,
1316 2798 1406 2830 pour
1426 2798 1438 2816 κ

44 2845 185 2889 amu-101·
202 2848 288 2880 sain!
317 2848 499 2885 ,Νιιςτ-Ιιίἰυ,
522 2862 661 2882 soinint*
681 2862 725 2882 on
749 2862 783 2881 xa
808 2848 838 2879 lv
860 2850 943 2881 von:
