2085 3455
590 319 663 353 118
950 312 1191 351 HISTORIA
1219 310 1628 349 ECCLESIASTICA.
1850 312 1986 359 [1130]

586 403 714 448 enim
735 401 931 464 gratiam
955 410 1000 446 et
1023 399 1297 462 sapientiam
1321 399 1368 444 in
1392 397 1562 444 divinis
1585 396 1881 442 sermonibus
1904 396 1990 443 ha·-

587 477 716 534 buit,
754 488 799 523 et
830 494 915 540 per
944 494 1028 523 v111
1063 475 1159 521 dies
1189 475 1536 539 hospitalitatis,
1572 474 1796 520 instinctu
1824 472 1990 519 Amal-

590 556 674 602 rici
701 555 871 618 prioris
881 590 894 611 ,
921 553 1295 600 exhortationem
1317 552 1537 599 omnibus
1567 552 1613 597 in
1641 551 1844 597 claustro
1866 549 1992 597 exhi-

589 632 719 689 huit,
748 631 1208 694 benivolentiamque
1233 630 1374 676 totius
1402 639 1658 676 conventus
1686 645 1782 674 non
1811 628 1907 691 jam
1939 637 1992 673 ut

587 709 755 765 hostis,
790 708 867 754 sed
899 719 951 754 ut
984 707 1130 754 fidelis
1159 707 1331 754 amicus
1362 706 1586 753 obtinuit.
1616 705 1851 751 Guarinus
1878 721 1992 767 ergo

588 786 729 832 abbas
752 785 996 848 epistolam
1015 783 1295 830 venerabilis
1312 782 1540 830 Bernardi
1560 781 1740 827 abbatis
1762 780 1988 844 protulit,

587 881 727 928 quam
752 862 1050 908 Resbacensis
1075 871 1333 908 conventus
1357 859 1563 906 libenter
1589 858 1811 921 suscepit,
1838 868 1885 903 et
1907 873 1993 902 au-

587 939 680 985 dita
701 938 926 984 libentius
946 937 1185 1001 complere
1203 936 1426 983 decrevit.
1450 934 1710 998 Stephanus
1725 932 1994 979 Parisiensis

587 1018 827 1079 episeopus
853 1017 947 1077 (ι),
983 1026 1028 1061 et
1057 1013 1353 1061 Barcharclus
1384 1012 1635 1059 Meldensis
1658 1011 1898 1074 episeopus
1922 1010 1993 1072 (2)

590 1103 709 1139 nutu
735 1092 819 1138 Dei
847 1091 1065 1147 aderaut,
1102 1103 1148 1137 et
1172 1090 1482 1138 Resbacenses
1505 1101 1557 1136 ut
1580 1090 1784 1137 caritatis
1809 1098 1996 1134 nectare

593 1170 826 1215 Uticenses
869 1168 1215 1226 exhilararent,
1256 1168 1430 1215 obnixe
1469 1167 1803 1215 admonebant.
1846 1166 1997 1230 Igitur

590 1245 907 1292 annuentibus
940 1247 1118 1292 cunctis
1148 1245 1243 1291 dies
1278 1245 1337 1291 ab
1368 1246 1596 1309 episcopis
1629 1245 1871 1299 indicitur,
1902 1260 1997 1307 quo

590 1323 853 1369 multorum
880 1323 1079 1386 pignora
1108 1334 1377 1369 sanctorum
1404 1322 1468 1368 ibi
1491 1322 1677 1368 detenta
1711 1323 1887 1385 pariter
1912 1337 1998 1366 ex-

592 1399 910 1453 traherentur,
944 1400 1142 1462 populus
1177 1410 1315 1445 terrae
1347 1398 1448 1446 haec
1470 1400 1652 1445 visurus
1679 1413 1998 1462 congregare-

592 1488 688 1532 tur,
715 1488 762 1522 et
784 1477 1032 1539 multiplici
1056 1475 1383 1522 benedictione
1407 1475 1709 1522 confirmatus
1733 1474 2000 1520 laetificare-

595 1565 688 1610 tur,
725 1572 777 1599 ac
805 1552 1105 1616 postmodum
1140 1552 1381 1599 Uticenses
1413 1563 1570 1616 optata
1604 1553 1919 1615 susciperent,
1952 1561 1999 1596 et

593 1630 656 1676 sie
682 1630 875 1693 propria
899 1631 1175 1675 reviserent.

657 1708 808 1753 Porro
845 1707 1019 1753 Natalis
1063 1706 1204 1751 abbas
1249 1707 1499 1752 consilium
1537 1715 1716 1761 mutat,
1760 1705 2000 1751 Uticenses

593 1784 857 1831 mobilitate
878 1795 1061 1830 versuta
1083 1782 1266 1838 turbat,
1294 1782 1454 1830 dicens
1478 1782 1605 1847 quod
1627 1782 1714 1828 nisi
1736 1781 2001 1828 Tedbaldus

595 1879 748 1909 comes
777 1861 1080 1917 concederet,
1119 1878 1363 1925 nunquam
1395 1877 1446 1906 ea
1483 1877 1589 1924 quae
1621 1870 1879 1906 conventus
1911 1878 2001 1906 an-

596 1950 762 1986 nuerat
782 1938 1005 1985 traderet.
1033 1939 1184 2002 Igitur
1208 1938 1450 2001 communi
1474 1937 1672 1984 consilio
1697 1937 1745 1982 in
1770 1936 2004 1983 Norman-

597 2016 723 2061 niam
748 2014 849 2061 Odo
873 2015 1103 2060 Uticensis
1128 2013 1185 2059 ad
1210 2015 1432 2060 comitem
1452 2013 1677 2070 mittitur,
1704 2013 1784 2076 qui
1809 2023 1922 2058 tunc
1945 2012 2003 2058 ad

597 2091 883 2138 avunculum
916 2108 1052 2136 suum
1078 2091 1337 2137 Henricum
1359 2107 1520 2154 regem
1555 2091 1699 2148 ierat,
1725 2099 1777 2136 ut
1811 2107 1916 2136 cum
1946 2106 2003 2136 eo

598 2169 890 2232 loqueretur.
921 2166 1152 2213 Obediens
1174 2167 1429 2214 monachus
1457 2167 1693 2213 difficilem
1722 2167 1847 2212 viam
1877 2166 2003 2213 arri-

597 2246 717 2310 puit,
736 2245 1049 2308 comitemque
1066 2261 1277 2309 sequens,
1295 2244 1574 2291 Vernonum
1596 2244 1668 2307 (3)
1689 2245 2003 2302 venit,suum-

599 2340 690 2386 que
708 2333 937 2368 secretum
959 2323 1088 2385 prius
1108 2323 1232 2386 regi,
1256 2333 1307 2368 ut
1319 2323 1529 2387 juvaret,
1553 2320 1745 2367 detexit.
1769 2321 1869 2368 Rex
1886 2338 2001 2368 vero

599 2400 932 2446 auxiliaturum
964 2417 1010 2445 se
1043 2400 1108 2446 illi
1140 2400 1410 2463 pollicetur,
1442 2400 1757 2464 comitemque
1779 2409 2002 2462 nepotem

648 2536 700 2583 (ι)
722 2528 892 2579 Etienne,
918 2538 1074 2583 premier
1093 2537 1142 2572 du
1161 2550 1266 2583 nom,
1291 2539 1425 2586 eveque
1447 2538 1492 2573 de
1513 2539 1614 2573 Paris
1632 2551 1677 2573 en
1705 2541 1808 2582 1124,
1833 2539 1925 2573 avait
1945 2540 2002 2573 ete

602 2596 806 2632 chaneelier
830 2595 874 2630 de
900 2596 1036 2631 Franco
1059 2610 1102 2631 en
1131 2597 1350 2646 1106-1119,
1379 2605 1415 2633 et
1438 2605 1587 2633 mourut
1609 2610 1681 2633 non
1705 2610 1767 2645 pas
1789 2598 1822 2632 le
1843 2596 1888 2633 30
1909 2597 2000 2644 juil-

602 2657 651 2690 let
668 2668 679 2689 1
691 2657 771 2697 140,
791 2666 932 2688 comme
949 2655 979 2688 le
994 2655 1047 2689 «lit
1061 2656 1245 2691 l’Histoire
1259 2657 1321 2691 des
1336 2656 1484 2692 Grands
1504 2655 1669 2692 Officiers
1681 2655 1772 2691 dela
1789 2657 1997 2699 Courouue,

601 2715 691 2749 mais
709 2714 741 2748 le
757 2713 780 2748 6
798 2715 868 2748 mai
891 2717 988 2756 1142.
1020 2715 1045 2748 11
1071 2716 1155 2750 &tait
1183 2717 1234 2751 fils
1258 2716 1302 2751 de
1324 2717 1399 2751 Gui
1423 2716 1467 2751 de
1492 2716 1626 2760 Senlis,
1647 2716 1806 2763 premier
1822 2716 1871 2751 du
1894 2728 1996 2759 nom,

603 2776 772 2820 seigneur
790 2773 839 2807 du
861 2773 1034 2808 Chantilli
1053 2782 1088 2809 et
1110 2775 1425 2811 ‹l'Ex·menonville.

649 2836 700 2876 (2)
718 2833 923 2874 Burchard‚
946 2833 1080 2881 eveque
1099 2834 1142 2869 de
1162 2836 1290 2869 Meaux
1309 2834 1615 2880 (1120-4janvier
1637 2833 1741 2876 1154*ae

647 2892 696 2939 (3)
716 2892 1091 2928 vernon-sur-Seinc.
