2085 3455
536 357 615 396 564
889 355 1133 394 HISTORIA
1163 354 1571 393 ECCLESIASTICA.
1608 360 1806 406 [AUTUMNO
1828 361 1947 409 1097]

535 443 823 491 Godesredus
854 443 975 501 dux,
999 443 1171 508 aliique
1205 453 1466 500 nostrates,
1494 454 1546 488 ut
1570 443 1855 490 Balduinum
1883 455 1950 491 tu-

534 533 689 569 torem
713 520 933 568 Edesseni
962 520 1156 568 ducatus
1179 519 1456 577 audierunt,
1486 520 1620 567 valde
1649 521 1794 567 laetati
1817 533 1944 578 sunt,

534 611 604 658 et,
647 617 737 664 pro
761 600 1024 646 reverentia
1063 599 1215 655 illius,
1248 597 1492 662 praedictae
1529 599 1791 662 provinciae
1832 598 1945 645 fines

533 680 811 743 contingere
838 687 1185 742 praecaverunt.
1218 677 1336 723 Erat
1363 676 1491 722 enim
1524 674 1648 722 idem
1682 676 1815 722 miles
1850 687 1946 723 sta-

533 768 637 803 tura
657 772 899 820 procerUS,
920 754 1117 818 pulcher
1133 765 1179 800 et
1196 754 1545 817 magnanimus,
1565 753 1756 800 scientia
1772 753 1949 800 littera-

532 852 639 880 rum
673 832 925 897 praedium,
960 831 1335 896 multimodaque
1370 830 1608 894 probitate
1633 842 1680 877 et
1705 830 1948 878 honestate

532 912 811 977 praeclarus,
840 910 1009 956 eximia
1045 925 1233 974 quoque
1257 908 1532 967 nobilitate,
1560 920 1724 972 utpote
1747 908 1804 955 de
1829 927 1948 972 pro-

531 992 655 1054 sapia
690 988 854 1035 Karoli
891 987 1054 1051 Magni
1087 987 1386 1050 imperatoris
1408 987 1524 1050 ’(1),
1568 987 1816 1049 praecluus.
1857 987 1945 1033 Hic.

531 1068 761 1114 nimirum
796 1084 905 1112 cum
929 1063 1174 1110 Edessenis
1203 1075 1369 1110 contra
1394 1063 1621 1109 finitimos
1653 1064 1832 1110 Turcos
1855 1063 1946 1110 sre-

530 1155 726 1210 quentes
753 1142 1077 1207 expeditiones
1100 1140 1290 1206 agebat,
1314 1141 1527 1187 ethnicos
1551 1141 1694 1186 armis
1722 1152 1945 1204 protere-

529 1222 641 1278 bat,
689 1223 904 1286 ingentes
939 1218 1122 1284 praedas
1161 1229 1208 1265 et
1243 1219 1428 1266 vinctos
1464 1217 1618 1264 hostes
1656 1217 1943 1276 reducebat,

528 1298 974 1363 ’formidabilemque
999 1297 1180 1344 cunctis
1199 1295 1415 1343 affinibus
1440 1296 1531 1342 suis
1549 1294 1842 1343 Edessenum
1866 1296 1946 1342 du-

529 1396 633 1425 cem
656 1378 720 1424 sic
743 1376 960 1424 faciebat.

593 1455 789 1502 Praesata
819 1455 1006 1512 civitas,
1033 1464 1086 1500 ut
1105 1455 1154 1500 in
1175 1454 1339 1517 priscis
1363 1452 1602 1501 codicibus
1628 1454 1820 1518 legitur,
1849 1453 1945 1499 Ra-

527 1552 605 1599 ges
624 1534 747 1582 dicta
771 1545 861 1590 est3
885 1532 963 1579 sed
987 1532 1158 1578 insanis
1176 1531 1417 1580 bellorum
1437 1520 1736 1587 turbinibus,
1760 1530 1846 1577 sub
1868 1549 1948 1577 an-

529 1613 668 1677 tiquis
689 1610 989 1673 Assyriorum
1015 1610 1224 1671 tyrannis
1248 1619 1295 1655 et
1321 1608 1680 1665 Chaldaeorum,
1709 1609 1943 1655 destructa

527 1700 611 1736 cst.
645 1686 921 1734 Succedenti
963 1702 1073 1732 vero
1108 1696 1323 1748 tempore
1354 1686 1572 1732 Seleucus
1607 1686 1834 1742 Nicanor,
1863 1687 1945 1751 qui

526 1768 582 1814 de
610 1777 816 1831 quatuor
839 1764 1091 1828 praecipuis
1112 1762 1309 1810 ducibus
1342 1763 1603 1810 Alexandri
1626 1763 1789 1828 Magni
1822 1782 1942 1810 unus

525 1845 636 1902 suit,
664 1853 770 1907 post
794 1852 1001 1888 mortem
1036 1841 1156 1905 ejus,
1190 1839 1469 1902 praedictam
1503 1839 1673 1886 urbem
1705 1851 1947 1902 restaura<

526 1923 622 1977 vit,
655 1931 701 1967 et
731 1918 956 1966 Edessam
987 1917 1296 1981 nuncupavit.
1330 1916 1402 1963 Ibi
1432 1917 1589 1981 Tigris
1613 1928 1660 1963 et
1682 1917 1948 1981 Euphrates

526 2010 751 2055 currunt,
777 2009 822 2044 et
841 1995 1183 2043 abundantiam
1206 1994 1485 2042 deliciarum
1507 1995 1671 2042 incolis
1691 1994 1946 2041 advehunt.

529 2078 746 2142 Abgarus
792 2074 1040 2139 Toparcha
1079 2073 1265 2120 Edessae
1317 2074 1534 2137 regnavit
1549 2093 1562 2131 3
1599 2074 1671 2120 cui
1715 2074 1947 2120 Dominus

526 2157 657 2202 Jesus
688 2171 868 2201 sacram
893 2152 1139 2216 epistolam
1173 2150 1449 2207 destinavit,
1477 2161 1523 2197 et
1552 2151 1815 2214 pretiosum
1848 2151 1946 2197 lin-

529 2246 658 2281 teum
674 2269 686 2289 ,
708 2249 804 2297 quo
826 2231 957 2278 faciei
977 2247 1071 2276 suae
1092 2228 1313 2276 sudorem.
1338 2228 1558 2286 extersit,
1581 2239 1628 2275 et
1645 2229 1693 2275 in
1714 2246 1810 2294 quo
1827 2230 1864 2294 ej
1874 2247 1943 2276 us-

526 2312 634 2359 dem
647 2309 902 2357 Salvatoris
920 2309 1076 2372 imago
1088 2306 1374 2353 mirabiliter
1388 2305 1572 2370 depicta
1591 2307 1793 2371 refulget
1802 2327 1816 2365 3
1836 2325 1943 2372 quae

526 2388 762 2436 Dominici
786 2387 1001 2451 corporis
1019 2387 1222 2450 speciem
1242 2397 1289 2432 et
1311 2386 1626 2450 quantitatem
1650 2385 1943 2432 intuentibus

528 2467 736 2514 exhibet.
766 2465 839 2511 Ad
862 2465 983 2512 hanc
1009 2464 1178 2511 urbem
1204 2463 1460 2522 Taddaeus‚
1487 2465 1596 2510 Jesu
1614 2463 1788 2509 Christi
1807 2463 1940 2510 disci-

527 2546 690 2610 pulus,
723 2544 879 2599 venit,
909 2543 1155 2608 Abgarum
1178 2559 1340 2606 regem
1366 2560 1474 2589 cum
1497 2543 1629 2590 omni
1653 2542 1832 2606 populo
1854 2558 1939 2589 suo

576 2698 626 2745 (1)
649 2697 771 2744 Voyez
787 2695 984 2738 ei-dessus‚
1005 2702 1034 2730 t.
1056 2695 1112 2738 ΙΙ,
1133 2707 1168 2741 p.
1193 2694 1269 2741 ¹75·
1291 2693 1392 2728 Nous
1412 2693 1621 2739 ajouterons
1639 2705 1710 2741 que
1728 2693 1881 2728 Mahaut
1897 2692 1942 2727 de

528 2758 708 2800 Louvain,
734 2756 866 2791 semme
890 2754 1108 2790 d⁷Eustache
1130 2754 1187 2796 1²²³⁷
1211 2760 1331 2789 comte
1353 2753 1398 2788 de
1423 2753 1628 2800 Boulogne‚
1653 2752 1703 2786 du
1723 2752 1811 2787 chef
1826 2752 1871 2787 de
1890 2751 1943 2787 la-

528 2817 648 2865 quelle
678 2815 866 2863 provenait
892 2821 986 2849 cetto
1014 2814 1279 2856 descendance,
1309 2813 1401 2847 avait
1432 2824 1525 2859 pour
1554 2813 1654 2847 mere
1678 2812 1868 2858 Gerberge
1897 2812 1943 2846 de

530 2877 719 2919 Lorraine,
746 2874 814 2908 fille
836 2873 879 2908 de
896 2872 1064 2916 Charles,
1086 2872 1157 2907 due
1177 2872 1222 2906 de
1241 2871 1431 2914 Lorraine,
1454 2872 1549 2906 frere
1567 2871 1615 2906 du
1634 2872 1688 2906 roi
1710 2872 1894 2906 Lothaire.
