2085 3455
634 300 705 338 420
994 295 1232 334 Hls'TOMA
1266 294 1663 333 ECCLESIASTch.
1891 299 2024 349 [1095]

627 385 866 448 confugit,
904 383 1222 447 auxiliumque
1254 382 1445 445 petivit,
1488 381 1745 444 solatioque
1779 393 2026 443 parentum

625 473 670 509 et
693 462 955 509 amicorum
978 461 1315 507 corroboratus
1331 495 1342 515 ,
1384 475 1514 522 spem
1548 457 1605 504 ad
1640 458 1835 504 meliora
1861 461 2022 506 erexit.

623 538 802 585 Deinde
833 538 1076 585 castellum
1107 537 1320 601 sequenti
1347 553 1473 582 anno
1499 551 1638 598 super
1662 535 1878 581 Montem
1901 534 2025 582 Acu-

623 627 724 662 tum
749 617 819 679 (1)
844 616 1075 669 firmavit,
1105 614 1477 678 acerrimamque
1499 613 1731 659 ultionem
1751 623 1918 658 eontra
1940 613 2027 659 Be-

623 694 899 740 lesmensem
925 692 1153 738 exercuit.
1179 691 1242 736 At
1270 692 1374 748 ille,
1401 691 1542 737 nimis
1563 691 1749 747 furens,
1777 689 1834 735 ad
1865 689 2027 737 ducem

619 771 852 823 cucurrit,
887 770 1141 832 multisque
1175 768 1415 834 questibus
1448 787 1500 815 ac
1544 769 1785 832 promissis
1833 769 2026 825 excivit,

618 860 758 913 atquc
786 847 843 893 ad
872 846 1185 893 obsidendum
1213 847 1428 893 Montem
1459 846 1666 893 Acutum
1692 863 1799 893 cum
1826 846 2029 892 exercitu

617 925 927 973 Normanniae
972 923 1183 970 adduxit.
1223 924 1358 969 Tunc
1399 923 1648 970 Gaufridus
1686 922 2022 980 Madeniensis‚

616 1004 789 1068 aliique
801 1002 1049 1066 optimates
1058 1001 1491 1058 Cenomammrnm,
1505 1001 1672 1048 ducem
1684 1012 2022 1058 convenerunt,

615 1082 750 1146 eique
764 1098 854 1145 pro
866 1080 1122 1135 Germano,
1145 1089 1348 1143 cognato
1363 1079 1539 1126 seilicet
1554 1097 1654 1135 suo,
1671 1077 1843 1126 blande
1857 1078 2026 1141 suppli-

616 1168 858 1204 caverunt,
894 1156 933 1202 A
958 1173 1054 1221 quo
1085 1157 1328 1219 protinus,
1359 1156 1467 1220 quia
1490 1154 1710 1202 flexibilis
1732 1166 1833 1201 erat
1855 1154 1912 1201 ad
1937 1154 2027 1200 mi-

614 1235 946 1292 sericordiam,
982 1235 1342 1298 inpetraverunt
1372 1245 1424 1280 ut
1455 1245 1687 1290 castrum,
1719 1232 1846 1298 quod
1879 1248 2028 1296 nuper

615 1324 941 1361 constructum
968 1313 1148 1368 suerat,
1182 1311 1474 1368 dirueretur,
1504 1312 1640 1375 eique
1669 1322 1767 1358 tota
1801 1309 2028 1356 hereditas

615 1393 711 1455 ejus
735 1409 842 1438 cum
868 1407 982 1455 pace
1005 1390 1352 1436 restitueretur.
1380 1389 1515 1449 Quod
1540 1400 1587 1435 et
1612 1390 1673 1435 ita
1697 1390 1872 1435 factum
1896 1397 1980 1434 est-

682 1470 812 1516 Sicut
837 1480 941 1532 post
964 1469 1159 1514 nimiam
1185 1478 1508 1531 tempestatem
1529 1468 1752 1515 serenitas
1777 1465 1924 1522 redit,
1951 1465 2030 1511 ho-

616 1548 859 1611 minesque
885 1545 1118 1601 laetificat,
1143 1546 1207 1591 sic
1230 1545 1388 1591 divina
1407 1545 1586 1608 justitia
1624 1561 1728 1591 reos
1750 1545 2030 1608 plerumque

615 1624 858 1680 verberat,
885 1634 932 1669 et
954 1623 1158 1670 clemens
1180 1622 1368 1668 bonitas
1392 1622 1584 1669 afflictos
1607 1622 1817 1685 mitigat,
1850 1632 1897 1667 et
1921 1638 2030 1684 poe-

620 1701 819 1747 nitentes
835 1698 1083 1764 justificat,
1110 1709 1431 1763 purgatosque
1455 1699 1530 1761 pie
1554 1708 1845 1744 remunerat.

682 1776 880 1822 Geroius
910 1776 1090 1840 itaque,
1119 1775 1281 1820 multis
1306 1773 1650 1824 calamitatibus
1669 1773 1907 1830 eruditus,
1934 1773 2031 1818 Deo

618 1854 790 1919 gratias
814 1854 934 1917 egit,
971 1853 1099 1916 cujus
1125 1868 1214 1915 ope
1247 1862 1354 1915 post
1382 1852 1558 1897 multos
1585 1867 1756 1915 agones
1780 1850 2031 1914 pristinum

619 1933 855 1979 honorem
888 1931 1210 1995 recuperavit,
1245 1941 1292 1977 et
1321 1931 1417 1977 sere
1445 1947 1539 1976 xxx
1570 1930 1704 1975 annis
1733 1927 2030 1992 postmodum

620 2009 745 2056 inter
779 2010 881 2055 laeta
919 2019 965 2055 et
1001 2008 1151 2054 tristia
1189 2007 1298 2053 vitae
1341 2024 1530 2053 cursum
1566 2005 1767 2070 peregit.
1812 2005 2031 2052 Feliciam

621 2103 750 2143 vero,
769 2085 1020 2132 Guarnerii
1039 2084 1096 2130 de
1115 2084 1341 2131 Coneraia
1359 2085 1428 2147 (2)
1446 2083 1609 2140 filiam,
1633 2084 1881 2146 conjugem
1901 2097 2030 2128 acce-

616 2164 713 2227 pit,
746 2180 850 2227 quae
877 2173 969 2209 tres
997 2162 1139 2219 filios,
1170 2161 1463 2226 totidemque
1494 2160 1610 2207 filias
1643 2161 1829 2224 peperit
1856 2180 1865 2205 :
1894 2159 2030 2206 Guil-

622 2241 818 2287 lelmurn
854 2241 1030 2287 scilicet
1062 2251 1109 2286 ct
1140 2239 1438 2286 Rodbertum,
1473 2258 1525 2286 ac
1556 2238 1863 2297 Matthaeum3
1907 2238 2029 2302 Aga-

624 2317 748 2363 tham
764 2354 775 2373 ‚
802 2318 1047 2363 Damatam
1073 2329 1120 2364 et
1144 2319 1410 2364 Avelinam.

670 2458 722 2500 (ι)
740 2456 949 2502 Montaigu‚
973 2469 1033 2490 sur
1052 2456 1086 2490 lc
1108 2457 1294 2492 territoirc
1311 2456 1356 2491 (le
1377 2457 1407 2490 la
1425 2457 1539 2491 Poote
1557 2456 1620 2490 des
1640 2455 1748 2498 Nids,
1778 2458 1797 2489 ἱι
1822 2468 1892 2490 une
1917 2455 2029 2490 demi-

624 2516 719 2551 lieuc
743 2522 846 2549 onest
865 2515 910 2550 de
935 2516 1206 2560 Smin-Cenem,
1227 2524 1263 2551 ct
1281 2530 1353 2551 non
1374 2529 1434 2563 pas
1454 2517 1645 2563 Monlaigu
1669 2517 1751 2562 prcs
1776 2516 1873 2557 Bais,
1895 2525 2030 2550 comme

625 2586 716 2609 nous
732 2574 867 2607 l'avons
885 2574 958 2616 dit,
977 2576 996 2608 ἐι
1015 2581 1105 2618 tort,
1127 2575 1324 2619 ci-dessus‚
1345 2582 1372 2610 t.
1394 2575 1449 2617 ll,
1471 2588 1506 2621 p.
1529 2586 1585 2622 27.

671 2634 721 2678 (2)
746 2633 775 2666 Il
794 2632 911 2679 parait
928 2645 999 2679 que
1019 2646 1058 2667 cc
1077 2634 1247 2681 seigneur
1269 2647 1314 2668 nc
1337 2633 1523 2680 s’nppclait
1543 2645 1605 2679 pas
1623 2632 1796 2675 Garnier,
1818 2632 1907 2666 mais
1923 2632 2029 2666 Aves-

627 2692 723 2739 gaud
737 2692 782 2726 de
796 2692 995 2726 Conncrrc.
1016 2692 1076 2727 On
1095 2706 1114 2726 a
1131 2693 1242 2727 delui
1260 2706 1332 2728 unc
1350 2694 1475 2727 charte
1491 2705 1536 2726 cn
1554 2692 1677 2726 savcur
1695 2691 1739 2726 de
1757 2690 2031 2726 Saint-Vincent

625 2753 675 2788 (lu
695 2753 815 2796 Mans,
837 2764 920 2786 sous
938 2752 969 2785 la
989 2752 1071 2786 (lale
1089 2753 1139 2786 du
1162 2762 1205 2787 1⁵er
1223 2754 1293 2787 inai
1316 2766 1420 2797 1100,
1443 2752 1532 2787 dans
1550 2751 1705 2799 laquelle
1725 2758 1803 2785 sont
1823 2751 1909 2784 cites
1927 2746 2030 2783 Brille

626 2824 660 2844 sa
683 2812 833 2850 stimme,
857 2810 989 2844 Felicio
1013 2824 1045 2842 sa
1072 2811 1140 2845 lille
1158 2819 1193 2845 et
1215 2812 1347 2845 Robora
1372 2812 1502 2846 Giroic
1521 2823 1583 2844 son
1608 2810 1754 2856 gcndrc.
