2033 3445
78 313 217 361 [1097]
596 309 712 346 Lini:
721 310 748 345 11
780 308 875 345 Nox
885 308 957 345 us.
1411 313 1487 351 41:29

76 415 183 443 cum
206 395 363 459 paucis
386 395 443 440 ad
470 394 736 459 Augustum
758 396 888 458 loqui
915 397 1151 457 profectus
1171 409 1255 443 est.
1279 400 1491 445 Tancre—

76 473 159 519 dus
178 484 335 518 autem
355 472 662 527 Christianos,
692 473 739 518 in
763 471 1064 534 expeditione
1083 487 1380 537 pauperatos,
1405 494 1490 538 per

77 551 216 596 aliam
243 550 366 594 viam
395 550 439 594 in
468 550 640 595 vallem
665 548 859 594 uberem
878 585 888 602 ,
917 559 960 593 et
983 550 1286 596 nutrimentis
1311 569 1492 614 corpo-

77 626 252 672 ralibus
285 626 530 682 referi-am,
559 624 810 680 conduxit3
846 624 926 669 ubi
956 625 1129 671 Pascha
1151 627 1343 673 Domini
1369 629 1495 673 cele-

76 705 352 750 braverunt.
376 702 586 759 Alexius,
609 702 818 757 audiens,
837 720 980 767 quem
1001 704 1204 750 nimium
1220 705 1492 761 verebatur,

77 782 312 829 advenisse
336 781 663 827 Buamundum
680 818 690 837 ,
717 800 739 826 a
770 799 866 845 quo
891 781 962 826 bis
997 781 1042 828 111
1072 800 1229 846 pugna
1254 795 1497 847 superatus

75 863 247 916 suerat,
285 860 543 906 honorilice
580 860 804 923 suscepit,
833 871 880 905 et
903 872 1034 906 extra
1060 862 1325 921 civitatem,
1354 874 1498 925 prout

76 950 331 1003 utrumque
352 937 572 994 decebat,
601 939 788 1001 copiose
811 939 1087 1001 procuravit
1112 939 1202 1002 (i).

140 1017 323 1062 Interea
334 1015 429 1061 dux
442 1014 745 1069 Godesreslus,
756 1015 878 1060 ultra
891 1015 1143 1061 Brachium
1158 1017 1333 1062 relictis
1343 1018 1495 1069 sociis,

76 1092 543 1154 Constantinopolim
566 1091 795 1147 redierat,
822 1092 1050 1155 quoniam
1072 1092 1347 1154 imperator,
1377 1104 1429 1138 ut
1453 1094 1494 1138 ei

75 1171 336 1234 pepigerat,
359 1180 619 1216 mercatum
642 1169 826 1215 nullum
850 1169 1217 1215 transmittebat.
1235 1171 1496 1234 Episcopus

76 1265 190 1295 vero
200 1247 442 1295 Podiensis
456 1248 770 1294 etTolosanus
783 1265 954 1304 comes,
969 1266 1047 1293 sua
1065 1248 1236 1294 iterum
1251 1260 1356 1311 post
1371 1266 1417 1295 se
1436 1251 1499 1295 in-

77 1326 287 1373 termissa
302 1325 627 1380 multitudine,
647 1324 858 1371 aderant.
877 1327 1142 1388 Imperator
1157 1337 1331 1380 autem,
1349 1329 1500 1374 consi-

79 1406 141 1451 lio
158 1406 457 1460 Graecorum,
488 1405 569 1468 qui
595 1403 730 1449 valde
750 1403 1083 1466 praecavebant
1108 1421 1168 1450 ne
1186 1405 1308 1450 sorte
1328 1406 1496 1451 Franci

77 1483 349 1548 congregati
378 1483 423 1528 in
457 1498 534 1528 eos
562 1483 891 1545 insurgerent,
918 1481 1151 1545 bonisque
1175 1483 1267 1527 suis
1291 1500 1368 1529 eos
1391 1484 1499 1546 pri-

75 1571 262 1615 varent,
286 1561 464 1606 Heroas
484 1558 693 1622 singulos
710 1575 796 1621 per
820 1558 1142 1604 internuntios
1163 1559 1394 1605 allocutus
1412 1571 1498 1614 est,

78 1637 437 1701 hominiumque
462 1636 520 1682 ab
543 1636 608 1682 eis
630 1647 677 1681 et
699 1635 976 1681 fidelitatem
1002 1637 1175 1699 exegit.
1205 1636 1341 1695 Quod
1367 1638 1400 1682 si
1427 1637 1499 1682 sa-

77 1725 263 1771 eerent,
285 1724 544 1760 mercatum
565 1724 612 1759 et
630 1712 937 1769 conductum,
961 1730 1103 1777 seque
1125 1714 1275 1775 ipsum
1297 1725 1403 1777 post
1420 1731 1500 1760 eos

78 1795 257 1839 iturum
272 1829 282 1848 ,
311 1793 469 1857 eisque
493 1810 600 1838 cum
619 1790 842 1837 omnibus
865 1791 1011 1854 copiis
1035 1791 1127 1836 suis
1151 1790 1498 1837 subventurum

55 1871 311 1934 upromisit.
340 1868 749 1934 Angustiabantur
773 1868 970 1922 Franci,
994 1878 1040 1913 et
1056 1868 1218 1931 jurare
1241 1868 1493 1924 nolebant,

75 1965 161 1995 nec
193 1949 328 1995 aliter
354 1949 418 1994 eis
442 1947 617 2011 Pelasgi
648 1947 900 1992 transitum
925 1945 1285 2009 permittebant.
1326 1946 1495 1992 Franci

75 2038 241 2073 contra
279 2026 571 2072 Christianos
597 2041 810 2088 pugnare
847 2023 1097 2079 nolebant,
1135 2025 1383 2070 transitum
1413 2024 1495 2070 ha-

75 2103 187 2151 bere
212 2105 392 2168 pacifici
415 2121 513 2149 non
540 2113 780 2166 poterant.
810 2103 1092 2166 In‘ipersecto
1115 2102 1171 2148 ad
1191 2102 1315 2166 quod
1345 2103 1496 2148 ierant

75 2183 294 2247 negotio,
319 2182 376 2228 ad
404 2182 595 2245 propria
623 2179 809 2244 regredi
835 2179 1254 2226 abominabantur.
1283 2180 1494 2226 Tandem

74 2260 236 2306 multis
262 2260 409 2306 coacti
434 2257 809 2313 necessitatibus,
832 2259 1117 2320 juraverunt
1142 2256 1312 2303 Alexio
1338 2258 1493 2321 impe-

76 2337 223 2383 ratori
246 2337 392 2382 vitam
410 2344 457 2381 et
478 2334 738 2389 honorem,
767 2333 895 2398 quod
920 2344 1142 2380 neutrum
1168 2334 1208 2379 ei
1231 2335 1488 2389 auferrent,

74 2411 229 2476 quoad
254 2413 350 2475 ipse
372 2410 726 2476 quodjurabat,
751 2410 873 2455 bona
897 2409 985 2455 lide
1006 2420 1206 2456 teneret.
1233 2411 1492 2457 Tolosanus

128 2623 179 2665 (1)
200 2621 353 2656 Suivaut
377 2621 501 2655 Pici-rc
525 2618 745 2661 Tudebodffi
772 2618 994 2664 l'empereur
1019 2618 1171 2652 accorda
1191 2620 1208 2653 Ξι
1233 2618 1418 2653 Bociuond
1443 2632 1490 2653 1111

80 2681 235 2724 terrain,
257 2693 302 2714 en
333 2681 529 2722 llomanic,
550 2680 594 2713 (lc
623 2680 755 2726 quinze
774 2679 954 2723 journaux
983 2678 1027 2712 cle
1054 2678 1234 2724 longucur
1259 2692 1320 2712 sur
1346 2680 1427 2713 linit
1447 2680 1491 2712 <le

81 2739 236 2787 largeur,
264 2741 534 2786 probablenwni
559 2753 651 2787 pour
670 2740 802 2773 assi-oin*
822 2751 884 2771 son
905 2750 1021 2783 camp.
