2033 3445
633 249 783 287 LIBER
815 248 1021 286 SEXTUS.
1480 248 1520 282 11

132 335 257 381 olera
275 335 471 398 colligit,
490 333 730 397 pulmenta
744 332 922 388 condit,
941 331 1173 394 legumina
1196 329 1412 376 infundit.
1430 332 1528 393 Ipsa

132 429 246 458 vero
260 411 521 458 refectionis
541 410 672 465 hora,
689 410 814 456 nulla
836 408 1175 455 interveniente
1194 423 1345 461 mora,
1363 418 1525 452 cuncta

133 487 254 532 laute
295 496 554 549 praeparata
597 485 819 531 fratribus
859 484 1104 547 anteponit
1125 503 1136 538 ;
1168 481 1341 546 jejunia
1373 482 1527 526 conti-

131 582 304 620 nuans,
344 564 461 609 lares
495 564 622 609 fovet
653 574 699 609 et
730 562 949 610 custodit.
984 564 1085 625 Ipse
1111 561 1259 624 pistor
1290 558 1524 605 clibanum

132 641 360 697 calefacit,
391 656 533 704 panes
559 641 761 704 imponit
783 651 828 686 et
853 650 1008 686 coctos
1028 637 1247 685 extrahit.

192 717 436 777 Quondam
457 734 546 781 pro
564 719 758 781 penuria
780 718 1019 781 lignorum
1033 753 1046 774 ,
1068 716 1124 762 ad
1140 714 1437 780 coquendum
1457 733 1530 778 pa-

129 811 224 849 nes,
251 805 482 841 sarmenta
503 796 742 858 congerit,
767 795 985 858 stipulam
1010 794 1214 858 colligit,
1237 804 1281 838 et
1300 791 1526 856 quidquid

127 889 291 918 manus
326 873 531 927 invenit,
559 872 606 918 in
633 873 868 918 caminum
903 872 998 918 cito
1023 871 1236 935 projicit,
1264 887 1315 916 ac
1341 870 1529 916 fortiter

128 950 358 1006 calefacit3
388 967 586 1014 cumque
609 967 795 996 servum
814 950 898 995 Dei
919 959 1101 1012 tempus
1125 947 1428 994 vehementer
1443 963 1528 991 ur-

127 1038 282 1090 geret,
309 1043 509 1092 eumque
533 1028 672 1073 nimis
696 1027 925 1073 introrsus
943 1025 1245 1089 redargueret
1268 1023 1393 1088 quod
1415 1023 1527 1069 hora

125 1103 362 1150 reficiendi
384 1105 548 1152 fratres
567 1104 909 1169 aliquantulum
933 1104 1225 1167 praeteriret,
1249 1118 1334 1148 nec
1351 1101 1429 1146 ille
1447 1099 1527 1145 ha-

124 1179 258 1226 beret
273 1179 396 1226 unde
407 1182 647 1227 fornacem
664 1180 900 1227 cineribus
916 1178 1229 1226 evacuandam
1243 1194 1295 1224 ex
1304 1187 1524 1240 tergeret,

125 1257 362 1303 Christum
383 1259 585 1315 invocat,
613 1259 748 1322 signo
769 1258 930 1305 Crucis
947 1258 1178 1312 munitur,
1198 1254 1404 1301 medium
1424 1255 1526 1300 {or—

126 1335 250 1381 nacis
270 1335 431 1391 intrat,
455 1346 501 1381 et
520 1337 676 1381 omnia
695 1352 800 1399 quae
821 1334 884 1380 ibi
908 1333 1082 1398 agenda
1103 1344 1254 1389 erant,
1277 1332 1529 1394 diligenter

127 1412 294 1458 illaesus
322 1424 575 1476 praeparat.
617 1411 854 1458 Carbones
892 1411 1026 1457 nudis
1059 1410 1276 1456 manibus
1312 1408 1523 1472 projicit,

127 1489 271 1536 illaeso
292 1490 518 1552 scapulari
545 1491 725 1536 cineres
749 1489 966 1552 exponit,
993 1488 1109 1534 lares
1126 1497 1253 1550 aptat
1268 1523 1278 1541 ,
1306 1497 1351 1532 et
1371 1487 1528 1531 intro—

124 1565 362 1613 mittendis
378 1566 576 1630 panibus
597 1577 842 1629 temperat.
864 1566 938 1612 Sic
956 1566 1234 1612 Guillelmus
1254 1566 1300 1610 in
1323 1565 1428 1628 igne
1448 1562 1526 1608 din

124 1644 274 1700 stetit,
303 1661 388 1690 nec
412 1645 556 1690 ullam
580 1644 873 1691 adustionem
900 1644 944 1690 in
974 1660 1174 1706 corpore
1195 1660 1274 1689 seu
1297 1652 1422 1688 reste
1448 1659 1524 1686 sua

123 1721 330 1783 pertulit.
351 1722 512 1767 Postea
533 1721 728 1768 consilio
747 1723 946 1767 fratrum
966 1721 1107 1767 abbas
1125 1721 1309 1767 servilia
1327 1720 1366 1766 ei
1385 1735 1526 1782 opera

123 1799 319 1845 omnino
342 1798 612 1862 prohibuit;
643 1798 722 1845 sed
742 1800 945 1846 orationi
971 1809 1017 1845 et
1036 1809 1205 1845 sanctae
1232 1797 1524 1844 meditationi

122 1891 284 1921 vacare
309 1876 560 1938 praecepit,
585 1875 894 1940 idoneamque
913 1876 1079 1922 cellam
1100 1876 1140 1921 ei
1168 1874 1425 1938 deputavit.
1453 1874 1526 1919 Sic

121 1950 202 1997 diu
240 1953 518 1998 exercitatus
557 1954 602 1998 in
645 1954 815 2009 activa,
847 1954 1023 2017 incepit
1045 1954 1335 2017 requiescere
1362 1953 1407 1997 in
1433 1952 1524 1996 rita

122 2029 401 2091 speculativa
415 2066 427 2086 ,
445 2040 491 2076 ct
509 2041 612 2093 post
631 2030 830 2077 Marthae
847 2032 1090 2077 servitium
1110 2032 1423 2094 frequensque
1441 2029 1526 2074 mi-

124 2105 390 2161 nisterium,
419 2105 676 2152 delectatur
691 2125 798 2153 cnm
818 2108 964 2154 Maria
992 2108 1040 2153 in
1059 2107 1255 2170 perenni
1277 2105 1476 2152 theoria.

184 2182 394 2229 Tandem
409 2183 703 2240 Guillelmus‚
719 2186 948 2248 perfectus
959 2185 1228 2240 virtutibus,
1240 2185 1406 2248 spiritu
1421 2200 1524 2247 pro-

120 2258 291 2321 phetiae
310 2259 530 2317 donatur,
555 2272 599 2307 et
618 2260 786 2307 divinis
803 2263 1003 2309 oraculis
1017 2263 1110 2308 vita
1128 2264 1222 2327 ejus
1240 2260 1520 2308 declaratur.

121 2334 284 2381 Obitus
301 2338 366 2382 sui
385 2336 508 2383 diem
528 2337 683 2383 abbati
709 2350 754 2384 et
770 2339 992 2385 fratribus
1011 2338 1248 2402 praedixit,
1271 2338 1524 2401 multisque

124 2413 286 2459 vicinis
306 2415 480 2477 scripto
501 2416 639 2461 etiam
664 2416 967 2480 significavit,
997 2428 1043 2463 et
1073 2417 1244 2463 Carolo
1272 2416 1368 2479 regi
1394 2414 1524 2461 dele-

122 2491 247 2552 gavit
263 2493 498 2548 nuntium,
519 2503 565 2539 et
579 2494 782 2556 signum,
807 2494 933 2558 quod
954 2495 1085 2541 fieret
1101 2495 1213 2540 dum
1234 2503 1519 2548 moreretur,

121 2567 486 2615 manifestissime
511 2569 747 2617 indicavit.
778 2571 985 2618 Tandem
1003 2608 1015 2628 ‚
1051 2570 1271 2618 omnibus
1296 2570 1385 2616 rite
1411 2586 1521 2615 con·

122 2645 377 2699 summatis,
401 2646 622 2708 migravit
640 2646 694 2691 B.
720 2647 998 2693 Gnillelmus
1017 2658 1063 2693 v⁰
1086 2647 1177 2693 kal.
1195 2647 1312 2710 junii
1335 2646 1425 2708 (ι),
1446 2663 1523 2690 an-

170 2804 218 2843 (1⁴¹
243 2803 286 2836 Le
304 2804 345 2838 28
366 2806 431 2838 mai
453 2806 527 2839 812.
