2085 3455
582 338 654 370 110
941 334 1179 372 HISTORIA
1211 332 1613 370 ECCLESIASTICA.
1712 336 1832 381 [cinca
1858 336 1977 382 1030]

579 421 818 485 linquens,
849 424 895 467 in
925 423 1092 467 saltum
1114 420 1357 475 currebat,
1386 430 1432 465 et
1455 439 1477 464 a
1502 434 1764 482 possessore
1783 437 1890 465 eum
1908 421 1978 466 ¹sa—

576 498 702 544 milia
726 509 772 544 et
795 499 987 545 canibus
1010 498 1091 544 diu
1118 499 1361 562 quaesitus,
1393 497 1594 543 inveniri
1624 496 1872 561 nequibat,
1901 499 1977 544 sed

576 586 681 635 post
701 592 729 620 v
750 575 821 620 vel
845 591 909 621 νυ
931 574 1043 629 dies,
1070 573 1183 618 dum
1207 573 1636 636 irrecuperabiliter
1657 572 1865 635 perditus
1887 592 1980 636 pu-

577 661 772 706 taretur,
798 661 990 713 repente
1010 666 1163 711 sospes
1186 648 1388 694 redibat.
1414 650 1513 695 Hoc
1538 651 1691 713 itaque
1710 652 1981 713 frequenter

573 729 746 773 'sactum
770 739 863 783 est,
898 739 943 772 et
973 726 1236 790 hujusmodi
1264 743 1336 772 res
1362 727 1410 772 in
1442 727 1828 774 consuetudinem
1852 745 1980 774 versa

576 815 656 849 est.
683 804 839 850 Ludus
864 805 971 850 inde
993 805 1158 850 vicinis
1184 803 1474 849 intuentibus
1496 804 1739 868 agebatur,
1766 815 1811 850 et
1835 804 1980 850 libera

574 884 773 944 juvenco
807 882 999 928 facultas
1040 881 1179 927 eundi
1222 882 1294 927 vel
1337 881 1562 927 redeundi
1598 881 1977 944 permittebatur.

581 959 682 1004 Post
725 959 916 1022 aliquod
959 970 1140 1022 tempus
1183 959 1424 1005 curiositas
1462 971 1703 1022 pastorum
1743 959 1981 1024 indignata

576 1046 665 1091 est,
706 1046 752 1081 et
787 1035 1020 1081 discursus
1053 1037 1172 1081 tauri
1210 1037 1515 1099 pertinaciter
1544 1038 1785 1100 explorare
1821 1048 1983 1083 conata

578 1122 667 1167 est,
695 1112 940 1176 ipsumque
965 1128 1050 1174 per
1075 1112 1420 1174 spissitudinem
1442 1113 1533 1159 luci
1559 1124 1710 1159 secuta
1732 1124 1815 1158 est.
1843 1114 1985 1176 Saga-

579 1204 679 1233 cem
694 1188 835 1234 etiam
852 1188 1174 1251 indagatorem
1190 1191 1384 1235 nomine
1398 1190 1638 1236 Duiletum
1652 1189 1737 1235 sibi
1755 1189 1982 1253 adjunxit,

579 1266 659 1329 qui
688 1282 821 1311 more
848 1283 1015 1310 canum
1045 1266 1235 1329 vestigia
1263 1266 1383 1311 tauri
1410 1268 1634 1329 sagaciter
1664 1267 1984 1330 investigavit,

579 1343 729 1389 donec
760 1343 893 1388 illum
925 1360 1081 1388 coram
1112 1343 1258 1389 altare
1288 1343 1334 1388 S.
1360 1344 1484 1389 Petri
1511 1344 1707 1407 apostoli
1727 1345 1983 1406 jacentem,

580 1420 709 1483 quasi
730 1431 889 1465 oraret
913 1418 1104 1476 ibidem,
1132 1419 1330 1465 invenit.
1354 1420 1570 1465 Maceriae
1590 1418 1819 1483 siquidem
1837 1419 1986 1465 disco-

581 1508 761 1559 opertae
786 1508 946 1553 erant,
972 1498 1060 1542 nisi
1082 1496 1260 1542 retibus
1283 1496 1493 1552 hederae,
1520 1508 1566 1542 et
1592 1498 1743 1544 ruinae
1765 1498 1986 1561 antiquo-

581 1592 689 1619 rum
707 1572 1016 1619 aedificiorum
1036 1574 1353 1637 spectantibus
1374 1586 1584 1638 patuere.
1611 1574 1851 1622 Condensa
1876 1576 1986 1621 silva

582 1653 731 1697 crevit
763 1652 888 1697 intus
916 1662 963 1697 et
991 1663 1119 1698 extra
1137 1689 1147 1706 ,
1182 1651 1261 1697 ubi
1296 1669 1439 1698 nemo
1470 1653 1760 1699 habitaverat
1787 1669 1872 1716 per
1901 1671 1988 1698 an-

582 1746 667 1775 nos
691 1747 732 1774 L.
757 1731 891 1775 Tunc
913 1729 1199 1775 albescentes
1219 1731 1467 1788 silicernii,
1495 1730 1595 1776 haec
1617 1730 1883 1787 audientes,
1911 1747 1990 1776 re—

581 1808 829 1853 memorati
854 1819 962 1853 suut
986 1808 1137 1871 quod,
1161 1809 1280 1853 sicut
1298 1819 1452 1871 patres
1475 1825 1640 1854 eorum
1660 1809 1752 1854 illis
1776 1825 1992 1854 narrave-

583 1896 721 1941 runt,
763 1896 946 1930 sanctus
982 1884 1232 1941 Ebrulsus,
1272 1886 1444 1949 aliique
1482 1886 1639 1947 plures
1670 1885 1831 1931 mundi
1871 1903 1992 1932 con—

584 1972 841 2023 temptores
865 1961 960 2006 illic
986 1960 1334 2007 habitaverunt.

648 2037 870 2084 Rediviva
890 2055 1079 2102 quoque
1104 2039 1243 2095 visio,
1267 2038 1540 2086 Restoldum
1562 2050 1802 2103 repetens,
1826 2038 1992 2084 redar-

584 2116 684 2178 guit
708 2114 834 2178 quod
856 2116 1024 2177 primae
1040 2116 1234 2179 jussioni
1263 2133 1360 2162 non
1381 2118 1519 2179 plene
1538 2115 1689 2162 adhuc
1708 2116 1989 2162 obaudierit.

584 2193 797 2256 Cumque
810 2193 1053 2256 presbyter
1064 2194 1263 2240 sollicite
1277 2196 1538 2259 inquireret
1549 2194 1787 2259 quomodo
1795 2196 1811 2258 j
1821 2196 1989 2241 ussioni

585 2269 832 2332 gratiosius
864 2268 1193 2332 obtemperare
1221 2270 1440 2329 deberet,
1474 2271 1654 2317 dictum
1680 2282 1747 2317 est
1775 2271 1841 2317 illi
1865 2270 1989 2335 quod

584 2345 778 2392 deberet
801 2347 991 2393 Uticum
1017 2348 1108 2405 ire,
1141 2347 1298 2413 ibique
1322 2349 1467 2394 sancti
1492 2365 1663 2412 sequax
1684 2347 1871 2394 Ebrulfi
1893 2348 1992 2393 Deo

585 2425 806 2470 militare.
837 2425 1083 2472 Restfoldus
1117 2443 1232 2491 ergo
1266 2428 1461 2490 pristina
1498 2426 1775 2473 Montfortis
1809 2425 1993 2471 habita-

587 2503 713 2548 tione
737 2504 897 2549 relicta
916 2505 1106 2550 Utienm
1125 2506 1358 2567 perrexit,
1388 2503 1569 2568 ibique,
1598 2521 1704 2549 cum
1727 2504 1923 2567 conjuge
1946 2513 1986 2551 οἳ

588 2580 763 2627 llberto
790 2581 887 2627 silio
912 2599 1019 2639 suo,
1046 2584 1225 2645 primus
1249 2582 1493 2628 habitavit.

651 2659 786 2704 Tune
810 2659 987 2705 Guazso
1010 2659 1066 2706 (le
1091 2660 1339 2707 Montforti
1375 2659 1546 2706 nobilis
1576 2660 1709 2705 miles
1741 2659 1852 2714 fuit,
1881 2659 1986 2722 qui,
2044 2675 2057 2678 “

590 2738 758 2782 timore
782 2737 864 2783 Dei
889 2737 1076 2799 plenus,
1110 2739 1154 2784 in
1184 2738 1325 2785 corde
1351 2755 1433 2784 suo
1457 2739 1531 2801 pie
1555 2738 1802 2801 proposuit
1819 2747 1871 2782 ut
1894 2753 1993 2782 om-

590 2830 668 2858 nes
689 2814 733 2859 in
757 2814 929 2859 vicinio
949 2832 1030 2860 suo
1050 2816 1276 2871 ccclesias,
1299 2833 1402 2878 quae
1425 2827 1648 2861 vetustate
1673 2826 1718 2859 et
1741 2814 1918 2860 incuria
1944 2814 1989 2858 in
