2085 3455
615 315 692 353 406
979 313 1222 351 HISTORIA
1254 312 1655 351 ECCLESIASTICA.
1879 315 2014 364 [1095]

612 400 812 465 fideique
836 402 1157 458 immemores,
1179 417 1323 465 quam
1343 398 1539 445 domino
1562 416 1646 445 suo
1670 399 2013 462 promiserunt,

612 481 660 526 in
683 480 860 526 facinus
884 479 1168 543 proditionis
1193 479 1397 541 turpiter
1424 478 1629 541 prolapsi
1654 487 1780 523 sunt.

674 556 966 613 Rodbertus,
993 556 1186 620 Rogerii
1207 555 1265 602 de
1288 554 1524 601 Molbraio
1543 554 1666 601 filius
1689 556 1760 618 (ι)
1775 591 1788 611 ,
1813 557 2018 618 potentia

609 635 878 699 divitiisque
904 634 1159 680 admodum
1183 633 1416 697 pollebat3
1446 632 1633 679 audacia
1663 644 1707 680 et
1733 632 1927 679 militari
1950 634 2019 679 fe-

609 712 748 757 ritate
767 710 1013 774 superbus,
1039 726 1174 773 pares
1198 709 1505 772 despiciebat,
1529 720 1574 755 et
1593 708 1916 772 superioribus
1935 707 2020 755 ob-

610 799 875 852 temperare
889 825 900 844 ,
923 806 1041 834 vana
1062 788 1343 834 ventositate
1364 786 1603 851 turgidus,
1630 787 1881 851 indignum
1895 797 2022 833 autu-

610 866 787 913 mabat.
818 867 937 912 Erat
970 866 1098 912 enim
1129 882 1332 928 corpore
1359 882 1579 929 magnus,
1615 865 1775 921 sortis,
1811 864 1949 928 niger
1978 875 2022 911 et

611 942 847 1006 hispidus3
884 941 1032 987 audax
1065 952 1112 988 et
1139 940 1354 996 dolosus,
1388 941 1524 986 vultu
1556 942 1702 986 tristis
1735 958 1787 987 ac
1818 957 2019 987 severus.

610 1020 720 1065 Plus
742 1018 963 1065 meditari
987 1036 1130 1083 quam
1161 1019 1292 1082 loqui
1323 1017 1563 1074 studebat,
1599 1029 1645 1064 et
1674 1019 1753 1065 vix
1783 1019 1832 1064 in
1864 1019 2023 1064 consa-

609 1097 855 1144 bulatione
878 1096 1081 1143 ridebat.
1110 1093 1199 1143 Hic
1222 1097 1454 1142 nimirum
1479 1113 1656 1142 CCLXXX
1680 1096 1813 1142 villas
1840 1096 1889 1141 in
1921 1094 2024 1142 An-

611 1175 702 1238 glia
712 1172 997 1237 possidebat,
1011 1191 1124 1238 quas
1136 1173 1430 1227 Guillelmus,
1440 1189 1524 1219 rex
1534 1190 1675 1236 magn
1683 1190 1748 1225 HS,
1760 1171 2021 1228 Goissredo,

611 1252 1011 1299 Constantiniensi
1034 1252 1272 1315 episcopo,
1293 1250 1501 1297 dederat.
1523 1251 1748 1296 Praesatus
1765 1250 1893 1296 enim
1908 1267 2026 1313 prae-

611 1329 683 1375 sul
703 1328 955 1376 nobilitate
972 1327 1183 1381 cluebat,
1212 1329 1452 1392 magisque
1476 1328 1642 1391 peritia
1666 1327 1862 1373 militari
1888 1344 2026 1390 quam

612 1407 819 1454 clericali
847 1406 1057 1471 vigebat,
1087 1405 1287 1470 ideoque
1313 1406 1536 1453 loricatos
1561 1405 1735 1451 milites
1762 1403 1818 1450 ad
1841 1403 2028 1451 bellan-

611 1484 751 1541 dum,
787 1503 931 1549 quam
964 1485 1210 1531 revestitos
1240 1485 1436 1531 clericos
1470 1484 1527 1530 ad
1559 1482 1855 1548 psallendum
1886 1483 2029 1546 magis

613 1561 801 1608 erudire
839 1571 1057 1608 noverat.
1098 1560 1412 1607 Conflictibus
1448 1577 1564 1623 ergo
1601 1570 1765 1606 contra
1803 1560 1951 1606 Dacos
1986 1568 2031 1604 et

614 1639 793 1703 Anglos
816 1655 938 1702 saepe
975 1639 1216 1694 interfuit,
1255 1649 1301 1683 et
1333 1639 1547 1702 ingentes
1579 1637 1780 1682 subactis
1821 1634 2030 1682 hostibus

612 1716 922 1781 possessiones
946 1715 1181 1771 obtinuit,
1211 1734 1324 1780 quas
1345 1716 1555 1761 moriens
1575 1714 1820 1761 Rodberto
1833 1750 1848 1772 ,
1869 1713 2030 1776 nepoti

613 1812 723 1848 suo,
751 1794 913 1840 comiti
940 1791 1469 1850 Nol-danhimbrorum,
1497 1791 1676 1838 dimisit
1699 1793 1787 1855 (2).

679 1871 948 1919 Rodbertus
964 1882 1149 1930 autem,
1168 1882 1221 1917 ut
1237 1871 1351 1917 fines
1369 1887 1477 1917 suos
1496 1869 1705 1934 undique
1723 1869 1963 1925 dilataret,
1987 1879 2031 1914 et

613 1949 853 1997 ditissimis
877 1948 1301 1996 contubernalibus
1325 1949 1547 1994 affinitate
1571 1957 1825 2010 potentum
1848 1945 1935 1991 sibi
1960 1962 2033 1992 co·-

613 2028 784 2091 pulatis
804 2027 1066 2083 robustior,
1091 2026 1234 2072 ardua
1256 2036 1485 2083 tentaret,
1509 2023 1807 2081 Mathildem,
1829 2040 2032 2088 genero-

613 2122 711 2150 sam
750 2104 984 2167 virginem
1005 2139 1016 2159 ,
1065 2103 1209 2148 filiam
1246 2101 1455 2148 Richerii
1490 2101 1547 2147 de
1588 2100 1760 2165 Aquila
1782 2137 1794 2156 ,
1836 2117 2031 2148 uxorem

613 2181 749 2228 duxit
767 2182 837 2244 (5)
853 2217 865 2237 ,
892 2197 998 2245 quae
1019 2181 1172 2244 neptis
1191 2191 1292 2226 erat
1309 2180 1523 2244 Hugonis
1546 2179 1802 2225 Cestrensis
1829 2178 2028 2233 comitis,

615 2275 671 2305 ex
693 2274 857 2305 sorore
882 2259 1078 2304 nomine
1097 2258 1123 2302 J
1130 2257 1275 2304 udith.
1298 2258 1384 2303 Hic
1405 2258 1561 2321 itaque
1579 2257 1761 2319 primus
1785 2273 1893 2302 cum
1911 2273 2031 2302 com-

614 2334 816 2399 plicibus
858 2335 950 2380 suis
990 2333 1122 2380 futile
1167 2334 1417 2380 consilium
1466 2334 1603 2391 iniit,
1651 2344 1697 2379 et
1742 2333 2031 2389 manifestam

615 2412 927 2460 rebellionem
952 2413 1016 2459 sic
1041 2412 1301 2459 inchoavit.

679 2491 895 2552 Quatuor
924 2507 1065 2536 naves
1093 2508 1302 2554 magnae,
1336 2508 1450 2555 quas
1475 2489 1715 2536 Canardos
1745 2499 1942 2544 vocant,
1975 2486 2030 2535 de

661 2660 712 2704 (1)
730 2657 872 2692 Robert
890 2656 935 2691 de
953 2657 1140 2700 Monbmi,
1164 2669 1279 2692 neven
1297 2657 1341 2691 de
1359 2656 1523 2692 Geoffroi
1536 2685 1543 2696 ,
1568 2656 1704 2702 eveque
1722 2655 1767 2690 de
1786 2656 2001 2690 Coutances.

661 2720 712 2764 (2)
732 2717 896 2753 Geoffroi
915 2716 960 2752 de
980 2717 1149 2752 Monbrai
1168 2724 1319 2752 mourut
1335 2716 1368 2751 le
1387 2729 1406 2751 2
1425 2717 1557 2751 sex-rien·
1578 2714 1678 2761 1093.

662 2778 710 2824 (3)
731 2776 910 2813 Mathilde
929 2776 973 2810 de
993 2777 1115 2823 [aigle
1150 2778 1253 2814 Cettc
1273 2777 1378 2811 dame
1396 2777 1539 2810 existait
1560 2788 1691 2809 encore
1710 2787 1754 2809 cn
1779 2773 1877 2808 1130.
