2033 3445
43 328 180 379 [1091]
528 324 681 361 LIBER
711 323 957 361 OCTAVUS.
1366 326 1444 364 360

41 431 142 460 mus
165 411 288 458 enim
315 409 504 456 daemon
519 445 532 466 ,
556 410 636 474 qui
658 425 797 471 super
820 407 1037 454 eumdem
1064 419 1286 455 truncum
1310 410 1446 457 sede—

41 491 140 547 bat,
164 487 308 552 igneis
330 486 589 533 calcaribus
610 487 659 531 in
685 484 858 530 lumbis
881 496 927 530 et
947 495 1081 548 tergo
1106 487 1447 549 sanguinolen-

41 579 138 613 tum
159 567 430 628 importune
451 561 738 608 stimulabat.
763 562 901 607 Hunc
919 562 1131 624 profecto
1150 562 1448 610 Galchehnus

43 643 389 690 interfectorem
413 639 634 703 Stephani
655 637 917 702 presbyteri
937 639 1217 703 recognovit
1231 675 1242 695 ,
1264 650 1311 686 et
1330 641 1451 688 into-

42 719 296 768 lerabiliter
339 717 539 764 cruciari
580 734 671 780 pro
722 717 989 762 innocentis
1039 717 1265 781 sanguine
1303 717 1446 774 vidit,

43 814 180 862 quem
213 806 320 842 ante
342 794 591 841 biennium
623 793 746 840 idern
771 792 962 851 effudit,
1000 804 1046 840 et
1071 794 1187 840 tanti
1214 811 1310 841 non
1336 811 1450 858 per-

43 884 138 920 acta
161 871 445 936 poenitentia
471 870 642 934 piaculi
664 868 865 916 obierat.

102 949 281 997 Deinde
307 948 477 996 cohors
494 949 751 994 mulierum
769 958 922 994 secuta
942 957 1026 1004 est,
1050 949 1178 1013 cujus
1194 948 1452 997 multitudo

43 1025 399 1075 innumerabilis
443 1023 723 1088 presbytero
775 1024 870 1070 visa
913 1035 997 1070 est.
1045 1024 1270 1072 Femineo
1318 1042 1452 1072 more

42 1104 335 1171 equitabant,
361 1114 407 1149 et
428 1104 473 1149 in
494 1102 775 1150 mulieribus
794 1103 917 1149 sellis
935 1102 1159 1150 sedebant
1173 1141 1185 1161 ,
1214 1105 1259 1150 in
1282 1104 1454 1169 quihus

41 1184 152 1233 clavi
177 1182 394 1230 ardentes
414 1181 493 1228 fixi
518 1192 671 1228 erant.
701 1181 999 1246 Frequenter
1022 1198 1095 1228 eas
1114 1193 1281 1228 ventus
1304 1183 1454 1246 spatio

40 1260 163 1326 quasi
189 1258 337 1307 cubiti
363 1259 501 1305 unius
521 1257 822 1316 sublevabat,
855 1269 901 1304 ct
925 1276 1035 1305 mox
1057 1276 1198 1322 super
1220 1258 1353 1305 sudes
1374 1275 1454 1306 re—

41 1337 132 1385 labi
155 1336 353 1384 sinebat.
386 1337 486 1383 Illae
510 1347 667 1383 autem
695 1335 1005 1383 candentibus
1032 1336 1174 1382 clavis
1197 1336 1243 1382 in
1267 1336 1455 1382 natibus

43 1412 429 1469 vulnerabantur,
458 1423 504 1459 et
526 1411 866 1476 punctionibus
890 1430 941 1458 ac
962 1410 1206 1458 adustione
1238 1411 1456 1459 horribi-

44 1492 146 1538 liter
161 1502 321 1548 tortae,
343 1493 444 1538 voe!
461 1493 562 1537 vce!
578 1489 978 1546 vociferabantur,
998 1500 1044 1535 et
1062 1489 1233 1554 flagitia
1249 1507 1338 1553 pro
1352 1489 1459 1554 qui-

44 1569 126 1616 bus
143 1570 206 1616 sic
223 1586 390 1632 poenas
408 1567 624 1625 luebant,
650 1567 803 1631 palam
822 1567 1109 1614 fatebantur.
1132 1568 1208 1614 Sic
1228 1568 1457 1613 nimirum

44 1664 129 1712 pro
175 1646 409 1694 illecebris
461 1656 508 1692 et
553 1644 947 1692 delectationibus
993 1644 1238 1703 obscenis,
1285 1644 1456 1710 quibus

46 1725 164 1772 inter
199 1725 424 1772 mortales
449 1722 757 1770 immoderate
778 1722 1076 1780 fruebantur,
1106 1741 1232 1770 nunc
1257 1724 1388 1787 ignes
1412 1733 1458 1770 et

43 1803 253 1859 foetores,
281 1813 327 1849 et
350 1802 438 1847 alia
470 1802 605 1865 plura
631 1819 772 1866 quam
800 1801 965 1847 referri
991 1802 1196 1863 possint,
1229 1800 1457 1864 supplicia

42 1878 137 1927 dire
158 1881 420 1944 patiuntur,
443 1890 490 1926 et
513 1879 739 1943 ejulantes
757 1877 1014 1924 miserabili
1036 1895 1148 1924 voce
1168 1895 1336 1942 poenas
1355 1895 1456 1923 suas

43 1956 260 2004 fatentur.
300 1958 352 2003 ln
388 1956 478 2003 hoc
508 1957 695 2020 agmine
731 1955 953 2019 praefatus
985 1954 1200 2002 sacerdos
1232 1954 1456 2015 quasdam

46 2033 224 2081 nobiles
245 2035 440 2081 seminas
463 2034 769 2098 recognovit,
792 2044 839 2080 et
862 2034 1145 2090 multarum,
1169 2051 1275 2098 quae
1295 2034 1458 2080 vitales

47 2109 190 2158 adhuc
210 2112 467 2176 carpebant
489 2130 624 2158 auras
640 2148 650 2167 ‚
673 2128 874 2158 mannos
897 2121 943 2157 et
966 2111 1116 2157 mulas
1142 2129 1250 2158 cum
1275 2110 1459 2157 sambu-

49 2187 109 2234 cis
125 2189 436 2236 muliebribus
458 2190 528 2254 (ι)
549 2190 809 2254 prospexit.

109 2267 241 2313 Stans
276 2267 521 2331 presbyter
550 2267 719 2314 talibus
745 2268 852 2314 visis
885 2269 1198 2324 contremuit,
1228 2278 1273 2314 et
1312 2267 1458 2313 multa

50 2361 202 2391 secum
224 2346 471 2392 revolvere
493 2346 657 2409 coepit.
686 2345 794 2392 Non
819 2347 971 2392 multo
997 2357 1129 2410 post,
1153 2363 1461 2393 numerosum

51 2439 212 2486 agmen
235 2423 520 2471 clericorum
543 2435 590 2470 et
607 2423 954 2470 monachorum
971 2461 983 2481 ,
999 2424 1179 2489 jndices
1198 2435 1338 2489 atquc
1357 2442 1461 2470 rec—

52 2508 170 2546 tores
204 2517 397 2557 eorum,
427 2502 671 2565 episcopos
695 2513 741 2547 et
778 2501 968 2548 abbates
1006 2520 1112 2549 cum
1146 2502 1461 2566 pastoralibus

53 2575 274 2622 cambutis
313 2577 531 2624 advertit.
574 2578 744 2624 Clerici
785 2589 832 2623 et
865 2578 1070 2641 episcopi
1118 2579 1265 2642 nigris
1304 2578 1461 2641 cappis

53 2650 197 2699 induti
219 2665 370 2700 erant.
392 2654 608 2701 Monachi
631 2671 820 2720 quoquc
840 2666 885 2702 et
909 2654 1098 2701 abbates
1124 2656 1272 2719 nigris
1293 2654 1462 2700 nihilo-

100 2824 147 2867 (l)
166 2824 228 2858 Les
245 2825 401 2860 elicraux
421 2834 452 2861 ct
476 2827 523 2860 les
544 2828 675 2869 mules,
696 2840 777 2861 avoc
795 2826 856 2862 des
875 2826 1010 2861 litim-vs
1027 2829 1045 2860 ii
1064 2827 1197 2872 l'usagc
1214 2826 1275 2858 des
1296 2826 1459 2858 semum.

149 2899 219 2928 ιιι.
326 2883 338 2894 ’
1210 2891 1269 2943 24
