2033 3445
63 307 189 354 [mmo
217 306 336 355 1098]
583 306 737 344 Lissa
765 306 944 346 NONus.
1394 310 1472 347 553

52 393 342 440 'Graecorum
374 391 658 438 festinabant
684 392 740 438 ad
769 392 1066 439 obsessorum
1096 394 1318 439 auxilinm
1334 415 1347 452 3
1374 396 1476 458 qui-

61 470 148 516 bus
163 471 424 533 imperator
442 469 599 514 accitis
617 487 752 515 suum
768 471 986 533 patefecit
1005 470 1269 516 consilium.
1295 470 1474 517 Deinde

54 547 189 612 jussit
216 558 268 592 ut
290 546 509 609 protinus
541 563 705 592 omnes
733 546 972 601 redirent,
997 557 1044 592 et
1073 547 1317 610 regionem
1342 548 1472 593 illam

58 623 246 687 penitus
284 622 604 679 devastarent,
645 634 690 668 et
731 623 899 669 incolae
951 623 1074 669 illius
1117 624 1164 669 in
1205 624 1473 687 Bulgariam

58 702 483 766 transmigrarent3
511 718 570 747 ne
593 701 763 756 Turci,
792 702 827 746 si
859 711 1275 766 persequerentur,
1307 701 1354 746 in
1390 701 1475 746 de—

59 780 280 843 populata
310 779 505 843 regione
535 778 762 842 pabulum
792 778 879 824 sibi
916 779 1203 850 reperirent.
1236 778 1361 823 Diris
1391 795 1476 823 ru—

58 857 272 904 moribus
291 857 570 921 rumigeruli
593 857 778 903 comitis
792 841 976 920 sparsis,
999 856 1211 919 obrepsit
1229 857 1275 902 in
1298 856 1475 919 populo

59 935 143 981 Dei
170 933 449 981 moestitudo
474 934 836 993 jnaesti1nabilis.
874 935 996 980 Nam
1024 935 1231 998 episcopi
1259 945 1305 980 et
1336 933 1475 979 abba-

60 1024 128 1060 tes
150 1024 197 1059 et
233 1011 496 1076 presbyteri
529 1029 651 1076 pene
683 1012 842 1060 triduo
872 1031 894 1058 a
928 1012 1148 1076 precibus
1182 1023 1228 1058 et
1261 1011 1476 1058 laudibus

58 1090 144 1136 Dei
170 1100 490 1144 cessaverunt,
524 1099 570 1134 et
593 1088 841 1152 profundis
869 1088 1123 1153 gemitibus
1156 1087 1470 1152 suspirabant-

58 1168 348 1230 Imperator,
385 1166 524 1212 nimis
555 1165 771 1212 credulus
803 1166 958 1212 verbis
983 1166 1309 1222 Carnotensis,
1341 1165 1471 1211 Con-

58 1243 415 1306 stantinopolim
436 1259 651 1289 reversus
667 1255 754 1301 est,
776 1254 823 1289 et
838 1244 986 1307 gloria
1010 1244 1220 1289 victoriae
1241 1254 1287 1289 et
1306 1243 1474 1288 trium-

57 1320 138 1384 phi
176 1320 233 1368 de
271 1321 437 1367 Turcis
466 1320 692 1366 divinitus
722 1322 847 1378 aliis,
880 1322 959 1385 qni
1005 1321 1214 1385 legitime
1255 1331 1472 1366 certave-

58 1409 192 1456 rant,
217 1409 450 1444 reservata
476 1409 560 1444 est.
586 1398 751 1445 Franci
771 1399 912 1444 nimis
937 1399 1072 1444 inviti
1090 1397 1469 1455 revertebantur,

57 1487 104 1522 et
136 1477 424 1523 amarissime
454 1476 854 1523 lamentabantur.
886 1476 1026 1522 Multi
1060 1477 1199 1523 etiam
1237 1493 1261 1522 e
1294 1492 1473 1539 paupe-

58 1554 189 1600 ribus
212 1555 476 1619 peregrinis
498 1556 666 1618 passim
684 1554 1030 1601 moriebantur.

123 1630 298 1690 Guido,
317 1631 439 1677 tilius
454 1631 682 1678 Rodberti
703 1631 968 1689 Guiscardi,
987 1648 1075 1695 pro
1089 1641 1244 1678 morte
1259 1632 1416 1677 fratris
1430 1641 1476 1677 et

59 1710 319 1756 amicorum
356 1710 504 1755 multa
540 1710 743 1756 lamenta
777 1709 946 1764 edidit,
980 1710 1234 1774 pluresque
1259 1720 1397 1755 notos
1430 1720 1476 1755 et

58 1797 309 1834 extraneos
333 1788 382 1832 in
408 1787 635 1848 lacrymas
659 1787 856 1841 excivit,
884 1797 930 1832 et
956 1787 1001 1832 in
1024 1787 1192 1832 itincre
1214 1787 1260 1832 in
1285 1786 1475 1849 Stepha-

58 1883 175 1911 num
197 1865 399 1911 convitia
419 1864 565 1909 multa
587 1864 814 1910 evomuit.
836 1863 1036 1909 Coactus
1057 1874 1212 1908 tamen
1227 1900 1239 1920 ,
1264 1881 1368 1909 cum
1391 1864 1475 1908 im-

59 1953 279 2007 peratore
301 1941 494 2005 aliisque
515 1939 898 1997 auxiliatoribus,
926 1940 1071 1985 tristis
1098 1941 1339 1986 remeavit.

121 2020 380 2066 Bellatores
421 2019 533 2076 Dei,
576 2019 655 2083 qui
702 2019 748 2064 in
788 2017 907 2064 urbe
952 2016 1286 2081 agonizabant,
1325 2027 1471 2063 totam

58 2116 190 2162 spem
225 2115 354 2143 suam
394 2097 441 2142 in
475 2097 690 2160 supernis
726 2096 1107 2152 collocaverunt,
1145 2105 1190 2141 et
1219 2093 1276 2140 de
1313 2094 1471 2139 lancea

56 2176 249 2223 Domini
286 2173 613 2238 disquaerenda
636 2173 916 2220 fiducialiter
940 2183 1279 2219 tractaverunt.
1311 2174 1365 2218 In
1389 2189 1472 2218 ec-

57 2254 240 2300 clesiam
271 2253 416 2316 igitur
442 2252 597 2297 Sancti
633 2252 759 2297 Petri
797 2262 993 2298 ventum
1029 2261 1121 2306 est,
1163 2249 1322 2314 ibique
1360 2249 1469 2295 dili-

56 2342 222 2395 genter
250 2341 415 2377 notato
447 2330 553 2376 loco
576 2328 750 2376 diutius
785 2328 892 2375 inde
922 2329 1200 2374 altercatum
1227 2338 1310 2373 est.
1338 2327 1470 2372 Tan-

53 2408 161 2454 dem
184 2408 473 2472 praevalente
504 2407 826 2470 plurimorum
862 2406 1116 2462 sententia,
1149 2403 1377 2451 tredecim
1402 2405 1468 2465 (ι)

54 2484 300 2532 laboriosis
324 2497 370 2531 et
389 2485 593 2531 strenuis
612 2483 884 2531 hominibus
906 2484 1087 2530 curiose
1109 2483 1268 2530 fodere
1289 2483 1469 2546 jussum

98 2638 148 2684 (1)
168 2637 273 2673 Cettc
293 2637 511 2672 de'couvertc
531 2643 593 2671 eut
614 2636 688 2670 lieu
708 2636 740 2671 le
766 2635 920 2681 14juiu,
947 2634 1088 2669 suivant
1105 2635 1231 2669 Pierre
1251 2632 1466 2667 Tudebode.

54 2698 218 2733 D'autrcs
242 2697 274 2732 la
296 2697 440 2744 placent
463 2697 496 2731 le
522 2696 561 2732 18
582 2696 631 2731 du
652 2696 770 2731 meme
790 2697 894 2731 mois.
916 2694 1040 2742 Voyez
1061 2694 1150 2729 dans
1172 2693 1286 2728 Raoul
1305 2693 1350 2726 dc
1369 2693 1465 2727 Cacn

52 2758 139 2804 (cn)
164 2758 214 2792 les
237 2758 429 2793 cxccllcnts
455 2759 747 2793 raisonncmcnts
771 2757 815 2791 (lc
840 2756 1027 2791 Boemond
1055 2763 1181 2790 conti-c
1204 2753 1469 2788 Pauthcntiritc

54 2818 97 2851 de
115 2818 144 2852 la
167 2819 280 2853 sainte
302 2819 426 2852 Lam-«2.
