2033 3445
70 286 208 331 {1x0-x0
225 295 310 320 AUG.
330 283 447 332 1099]
589 280 743 319 LIBER
771 281 947 319 NONUS.
1394 285 1473 322 615

74 370 332 415 noluerunt
364 368 518 425 exire,
553 368 705 415 donec
733 367 955 414 certiores
980 366 1148 414 fierent
1171 368 1227 414 de
1252 368 1476 415 Admira-

74 446 158 491 visi
192 446 460 492 incursione
485 446 575 508 (ι).
602 446 779 502 Porro,
815 444 921 490 visis
948 444 1168 491 omnibus
1198 464 1304 510 quae
1336 465 1478 510 para—

77 522 279 580 bantur,
330 539 413 569 rex
459 523 865 569 Martaronensem
900 521 1169 585 episcopum
1212 524 1385 570 direxit
1430 526 1478 571 in

78 599 362 657 Jerusalem,
388 601 469 664 qui
493 598 787 663 principibus
810 608 1059 645 testaretur
1080 616 1374 664 quaecunque
1394 620 1481 665 pa-

78 674 325 722 rabantur.
351 675 719 721 Martaronensis
731 709 745 732 ,
769 685 1017 738 postquam
1037 674 1273 722 Tolosano
1295 687 1342 722 et
1362 677 1482 723 Nor-

79 769 257 799 manno
295 753 476 799 locutus
505 753 681 810 fuerat,
711 752 933 798 festinans
967 763 1020 797 ut
1058 751 1229 799 indicta
1258 754 1483 800 comitum

80 829 225 875 verba
249 830 348 893 regi
378 831 578 876 referret
605 847 657 876 ac
684 828 992 893 patriarchae,
1019 830 1067 875 in
1099 847 1264 876 manus
1284 848 1487 895 pagano-

82 924 190 952 rum
209 905 421 965 devenit,
448 917 495 953 et
517 905 714 953 dubium
736 917 804 953 est
827 925 886 952 an
905 905 1156 964 abductus,
1183 924 1242 954 an
1266 924 1487 972 peremp-

82 995 154 1029 tus
177 983 262 1041 sit3
289 982 368 1030 sed
392 995 550 1047 postea
577 1000 674 1030 non
701 984 969 1048 comparuit
993 985 1082 1047 (2).

145 1061 405 1107 Tolosanus
430 1072 583 1108 autem
606 1072 652 1108 et
673 1062 978 1108 Normannus
1001 1079 1107 1108 cum
1130 1062 1289 1108 multis
1310 1062 1368 1108 ad
1391 1063 1488 1109 bel-

84 1139 185 1184 lum
208 1139 406 1202 profecti
428 1150 563 1197 sunt,
590 1150 637 1186 et
659 1148 728 1187 1va
750 1140 863 1186 ¹seria
879 1140 950 1203 (3)
969 1140 1228 1186 Jerusalem
1250 1141 1484 1187 exierunt.

84 1216 254 1262 Clerici
272 1216 420 1261 missis
440 1227 487 1262 et
504 1216 798 1263 orationibus
815 1216 1055 1263 vacabant.
1074 1218 1238 1263 Petrus
1257 1218 1485 1275 Eremita,

85 1304 131 1339 et
148 1311 252 1338 rara
279 1292 525 1340 imbecillis
548 1294 710 1357 populi
733 1294 1018 1357 frequentia,
1039 1294 1118 1358 qui
1139 1307 1485 1353 remanserant,

85 1381 131 1416 et
160 1369 349 1416 imbelle
382 1387 527 1434 genus
559 1371 838 1427 mulierum,
874 1372 1191 1432 processiones
1215 1371 1272 1417 de
1300 1372 1490 1418 ecclesia

89 1449 136 1493 in
176 1447 416 1493 ecclesiam
458 1447 698 1511 agitabant
714 1483 727 1504 ,
773 1445 1067 1494 orationibus
1100 1458 1146 1493 et
1188 1448 1490 1510 eleemosynis

88 1524 255 1571 devote
293 1525 569 1571 insistebant
587 1561 600 1580 ‚
644 1536 696 1571 ut
737 1524 971 1588 propitius
1016 1525 1194 1587 populo
1239 1542 1322 1572 suo
1368 1527 1491 1572 Deus

87 1601 457 1648 misericorditer
479 1601 777 1659 subveniret,
805 1600 1052 1664 hostesque
1075 1618 1180 1647 suos
1210 1601 1322 1648 sorti
1348 1619 1492 1648 manu

91 1679 520 1742 irrecuperabiliter
545 1689 883 1741 prosterneret.
910 1679 1146 1726 Primores
1179 1679 1360 1743 itaque,
1385 1697 1491 1726 cum

91 1757 181 1802 suis
203 1755 509 1812 exercitibus,
535 1754 592 1801 ad
617 1754 790 1801 flumen
805 1791 818 1811 ,
847 1755 974 1818 quod
1003 1766 1071 1801 est
1098 1766 1262 1802 contra
1294 1755 1492 1804 Ascalo-

94 1849 228 1891 nem,
264 1832 534 1896 congregati
565 1843 690 1878 sunt.
722 1833 824 1878 Illic
849 1842 1058 1877 armenta
1085 1832 1268 1894 copiosa
1295 1833 1495 1879 invene-

94 1920 233 1966 runt,
268 1920 315 1955 et
348 1909 505 1972 opima
540 1908 697 1971 praeda
735 1907 868 1954 ditati
903 1919 1028 1955 sunt.
1061 1909 1279 1954 Trecenti
1317 1909 1496 1956 Arabes

96 1987 300 2033 Francos
324 1986 560 2049 prosecuti
583 1996 715 2042 sunt3
743 1984 819 2031 sed
843 1985 910 2031 illi
937 1986 1153 2048 protinus
1176 1986 1223 2032 in
1246 2003 1323 2033 eos
1346 1987 1496 2035 irrue-

145 2188 194 2232 (ι)
215 2187 264 2222 Ce
281 2186 338 2220 fut
357 2185 476 2219 moins
493 2197 622 2220 encore
640 2184 719 2219 leur
736 2184 956 2219 incertitude
975 2195 1036 2218 sur·
1052 2184 1084 2218 la
1102 2185 1249 2219 marche
1267 2184 1315 2218 du
1333 2185 1418 2219 visir
1434 2188 1497 2232 qui

102 2246 215 2281 retint
232 2247 252 2279 a
269 2244 487 2287 Jerusalem,
505 2243 675 2291 jusqu'au
695 2243 842 2278 dernier
861 2250 1041 2285 moment,
1066 2243 1098 2277 18
1117 2250 1234 2278 comte
1253 2243 1296 2278 de
1317 2244 1500 2279 Toulouse

100 2313 137 2340 ct
155 2305 189 2340 le
213 2305 284 2339 duc
306 2304 352 2339 de
376 2303 619 2347 mormandi-e,
643 2315 714 2350 que
730 2303 810 2338 leur
828 2302 991 2337 froideur
1010 2314 1103 2349 pour
1122 2302 1172 2337 les
1191 2303 1341 2337 interets
1357 2303 1402 2337 de
1419 2304 1499 2338 Go-

103 2365 239 2407 destoi,
269 2364 374 2411 qu'ils
400 2364 601 2399 affectaient
635 2363 679 2398 de
709 2362 880 2410 regarder
907 2374 1047 2396 comme
1072 2362 1147 2396 scnl
1172 2363 1390 2408 compi-omis
1413 2363 1500 2396 dans

103 2431 197 2459 cette
223 2424 326 2459 lutte.
359 2423 574 2458 L'ele'vation
599 2423 642 2457 (18
673 2435 712 2457 ce
736 2423 861 2469 princc
878 2424 898 2456 ἐι
926 2434 974 2455 un
1003 2421 1106 2455 troile
1130 2421 1214 2455 hicn
1234 2422 1352 2456 chetif
1364 2428 1400 2456 et
1419 2422 1503 2456 hicn

106 2484 176 2518 mal
206 2485 327 2517 assure'
352 2483 445 2517 avait
475 2482 788 2517 immediate-ment
820 2481 1015 2527 developpc
1043 2480 1229 2526 beaucoup
1259 2480 1441 2527 d’aigreui·
1469 2488 1505 2515 ct

107 2542 335 2577 ‹l’animosite'
352 2543 440 2576 dans
459 2542 489 2576 lc
508 2554 607 2576 coeur
625 2541 668 2575 dc
686 2553 738 2575 ses
757 2552 1001 2587 compagnons
1018 2539 1182 2574 (Γπ-[1185.

156 2602 205 2646 (2)
229 2600 288 2636 On
307 2600 456 2647 regarda
477 2601 743 2645 generaleinent
760 2599 1009 2634 l'enlevement
1023 2598 1068 2632 de
1085 2610 1124 2632 cc
1141 2598 1250 2643 prela!
1275 2611 1336 2643 par
1355 2598 1404 2632 les
1425 2599 1505 2631 Mn-

111 2660 265 2693 sulmans
285 2672 425 2693 comm(¹
446 2672 515 2694 unc
536 2659 702 2705 punition
725 2658 772 2692 dn
795 2658 880 2695 ciel,
905 2670 994 2704 pour
1016 2657 1045 2691 la
1070 2664 1146 2703 part
1166 2658 1251 2703 quill
1271 2658 1361 2691 avait
1378 2658 1471 2703 prisc
1490 2659 1506 2691 a

110 2719 285 2753 1818811οη
305 2718 491 2753 ‹1⁷Arn0nl.

156 2778 204 2819 [5)
228 2780 271 2814 Le
294 2780 470 2814 mestit-ili
497 2793 533 2813 ιι)
554 2780 632 2814 acm
