2033 3445
77 288 287 338 [732-752]
549 283 702 322 LIBER
730 284 998 322 SEPTIMUS.
1403 286 1479 323 137

76 390 182 420 rum
200 371 402 418 Galliam
421 370 659 417 devastare
681 371 844 434 coepit.
867 369 972 430 Quo
995 378 1209 431 tempore
1232 368 1482 417 destructae

76 449 302 506 ecclesiae,
330 447 547 494 subversa
565 447 872 503 monasteria,
901 455 1049 510 captae
1074 444 1238 501 urbes,
1263 444 1484 493 desolatae

74 525 241 573 domus
257 560 271 582 ‚
306 523 460 570 diruta
499 533 672 581 castra,
713 534 889 588 strages
928 522 1179 570 hominum
1220 522 1484 569 innumerae

75 605 230 660 sactae,
267 612 315 648 et
342 601 519 647 multus
549 600 726 665 ubique
756 601 950 648 humani
980 600 1165 665 generis
1195 600 1382 664 sanguis
1413 601 1484 663 (1)

77 679 260 727 effusus.
291 678 358 724 Ea
389 687 663 742 tempestate
692 678 963 742 gravissime
988 693 1075 741 per
1106 687 1252 724 totam
1282 676 1486 723 Galliam

74 756 361 804 detonabant
382 755 635 811 Wandali‚
665 756 824 802 omnia
855 753 1056 802 flammis
1086 765 1133 801 et
1163 754 1290 801 ferro
1319 763 1487 817 prote-

73 845 246 882 rentes.
268 833 692 898 Pervenientesque
716 833 922 881 Senones
946 831 1208 889 civitatem,
1235 842 1488 896 coeperunt

74 929 175 959 eam
198 912 329 959 omni
352 921 452 957 arte
470 911 635 976 jaculis
658 921 705 957 et
726 910 956 957 machinis
979 910 1213 957 infestare.
1241 909 1357 970 Quae
1383 926 1488 956 cer-

75 1006 190 1036 nens
217 989 389 1053 praesul
407 987 612 1053 ejusdem
631 987 762 1034 urbis
779 1025 791 1045 ,
815 988 981 1036 Eboba
1001 988 1220 1046 nomine,
1248 987 1408 1034 exiens
1430 986 1488 1033 de

76 1067 261 1114 civitate
284 1084 392 1114 cum
415 1066 532 1125 suis,
564 1066 710 1113 fretus
740 1065 898 1113 divina
920 1067 1123 1123 virtute,
1154 1066 1489 1113 exterminavit

77 1145 181 1192 illos
209 1144 268 1191 ab
299 1144 431 1192 urbis
462 1144 740 1202 obsidione,
766 1144 1145 1209 fugientibusque
1176 1144 1290 1201 illis,
1324 1160 1489 1207 perse-

75 1232 209 1269 cutus
249 1233 317 1270 est
356 1239 457 1279 e05,
501 1239 647 1287 usque
690 1221 804 1269 dum
847 1221 1189 1287 egrederentur
1222 1222 1279 1269 de
1315 1221 1489 1269 finibus

75 1300 167 1346 suis
190 1300 280 1363 (2).

142 1375 286 1423 Anno
298 1376 489 1423 Domini
502 1384 737 1434 ncc⁰XL⁰1⁰‚
751 1376 871 1424 obiit
880 1376 1084 1423 Karolus
1097 1375 1342 1422 Martcllus
1353 1375 1463 1439 prin
1472 1404 1489 1410 -

78 1468 184 1515 ceps
194 1487 208 1509 ,
239 1452 540 1517 sepultusque
563 1463 631 1498 est
655 1453 704 1499 in
727 1451 915 1498 basilica
941 1452 1098 1498 Sancti
1123 1451 1332 1513 Dionysii
1357 1451 1489 1496 Pari-

77 1528 169 1574 sius
191 1529 280 1593 (3).
305 1530 392 1575 Hic
416 1546 490 1575 res
512 1529 813 1576 ecclesiarum
836 1538 1034 1592 propter
1058 1527 1372 1574 assiduitatem
1394 1527 1491 1573 hel-

75 1604 234 1652 lorum
267 1606 396 1652 laicis
423 1605 632 1652 tradidit.
667 1606 773 1666 Quo
801 1617 1022 1663 mortuo,
1058 1605 1411 1653 Karlomannus
1444 1616 1491 1652 et

77 1683 325 1747 Pippinus,
352 1682 437 1729 filii
461 1684 580 1748 ejuS‚
609 1684 931 1748 principatum
954 1684 1231 1747 suscipiunt.

142 1760 286 1808 Anno
308 1761 498 1808 Domini
517 1772 616 1808 Dcc⁰
633 1772 696 1819 ιο,
717 1762 943 1825 Pippinus
961 1762 1135 1808 electus
1152 1771 1220 1807 est
1238 1761 1285 1807 in
1301 1778 1462 1825 regem
1475 1797 1489 1820 ‚

78 1848 125 1886 et
148 1838 466 1896 Childericus,
497 1839 578 1903 qui
602 1838 659 1885 de
682 1839 828 1902 stirpe
851 1838 1074 1885 Clodovei
1102 1838 1224 1903 regis
1248 1855 1491 1885 remanse-

78 1926 178 1973 rat,
205 1926 473 1963 tonsoratus
491 1926 560 1963 est
584 1916 672 1979 (4).
700 1916 788 1963 Hic
810 1915 968 1963 deficit
992 1915 1241 1980 progenies
1266 1915 1490 1964 Clodovci

79 1992 219 2057 regis.

125 2196 178 2242 (1)
197 2195 363 2231 Humani
378 2198 585 2244 sanguinis.
608 2198 674 2232 Ms.
694 2198 730 2233 S.
751 2197 920 2233 Audoeni
941 2197 1234 2244 Rotomagcnsis.

123 2254 175 2299 (2)
200 2254 258 2289 An
284 2254 358 2289 lieu
381 2246 541 2290 d'Eboba
568 2255 652 2291 lisez
673 2271 680 2290 :
707 2256 865 2299 Ebbou,
893 2263 930 2292 et
955 2268 1002 2292 au
1028 2256 1103 2292 lieu
1121 2256 1186 2291 des
1209 2255 1414 2298 Vandalus,
1440 2256 1491 2289 les

81 2313 289 2348 Sarrasins.
310 2314 359 2349 Ce
372 2314 482 2361 siege,
499 2315 568 2349 mis
588 2327 654 2362 par
671 2328 740 2351 eux
759 2315 892 2351 devant
908 2315 942 2350 la
957 2315 1040 2352 ville
1053 2315 1099 2351 dc
1112 2316 1214 2359 Scns,
1235 2315 1351 2362 parait
1365 2314 1492 2350 devoir

80 2373 156 2408 etre
174 2375 347 2421 rapporte
363 2375 383 2409 a
399 2374 540 2410 l’annee
561 2374 642 2423 752.

124 2431 176 2479 (3)
195 2432 346 2468 Charles
366 2433 497 2468 Marte}
516 2441 667 2468 mourut
679 2446 724 2469 en
744 2433 828 2470 effet
843 2436 862 2469 a
875 2434 1217 2480 Quierzi-sur-Oise
1237 2432 1270 2468 lc
1283 2443 1327 2467 22
1341 2431 1491 2468 octobre

83 2493 162 2538 741,
178 2498 216 2527 et
232 2492 288 2527 sut
304 2494 449 2527 enterre
466 2494 484 2527 a
502 2493 752 2528 saint-Denis.

127 2551 178 2596 (4)
203 2551 320 2598 Pepin
337 2551 395 2587 sut
417 2552 602 2599 proclame
626 2553 679 2588 roi
700 2552 788 2587 dans
806 2552 1027 2588 l’assemblce
1044 2552 1212 2601 gencrale
1229 2551 1275 2585 de
1292 2550 1325 2584 la
1344 2550 1468 2584 nation
1481 2578 1488 2590 ,

82 2611 101 2643 ‘a
125 2609 299 2655 Soissons,
315 2623 360 2647 en
380 2624 476 2646 mars
495 2613 582 2660 752,
603 2619 640 2647 et
659 2614 758 2647 sacre
782 2625 852 2659 peu
870 2612 915 2648 de
931 2613 1035 2659 jours
1053 2614 1157 2660 apri-s
1183 2624 1247 2659 par
1267 2610 1360 2644 saint
1378 2609 1490 2643 Boni-

83 2668 176 2712 sace,
197 2670 422 2719 archeveque
447 2671 493 2707 de
522 2673 707 2719 Mayence.
731 2672 918 2708 Cliilderic
941 2674 997 2708 sut
1014 2673 1162 2720 relegue
1180 2674 1198 2706 ἐι
1215 2670 1487 2707 Saint-Bcrlin‚

84 2734 119 2761 ct
133 2740 196 2762 son
214 2728 268 2763 fils
288 2730 437 2766 Thicrri
457 2733 473 2766 a
495 2732 722 2775 Fontoncllv,
740 2732 972 2777 anjourd’hui
988 2730 1319 2768 saint-Wandrillc
1343 2730 1468 2771 (Scine

85 2785 284 2821 Infericurc
297 2789 319 2831 ).
