2033 3445
606 307 757 346 LIBER
784 307 989 346 SEXTUS.
1445 313 1494 349 333

172 415 193 437 «
219 396 376 458 Itaque
392 390 670 438 venerabilis
690 399 821 452 pater
836 387 1058 433 Ebrulsus
1082 389 1128 433 in
1146 387 1331 434 basilica
1350 392 1495 437 sancti

104 471 228 516 Petri
259 470 575 533 apostolorum
606 466 854 530 principis,
888 483 1026 529 quam
1063 466 1156 527 ipse
1185 482 1239 511 ex
1269 466 1497 529 lapidibus

105 547 434 603 aedificaverat,
467 546 512 591 in
541 561 650 590 saxo
672 559 939 589 marmoreo
961 542 1158 589 mirifice
1185 543 1389 605 sepultus
1413 556 1496 590 est.

105 624 196 671 Ubi
230 640 374 687 usque
408 623 452 668 in
491 621 772 668 hodiernum
801 620 925 666 diem
950 619 1118 666 diversi
1146 631 1371 667 curantur
1397 622 1502 667 lan-

107 715 296 762 guores,
318 709 364 743 et
382 707 635 760 praestante
654 699 734 759 pio
752 695 991 742 salvatore
1008 707 1171 742 nostro
1190 696 1504 743 moerentibus

106 774 392 837 proveniunt
420 772 762 820 consolationes
773 791 785 828 3
823 772 894 817 cui
924 783 990 818 est
1017 770 1172 818 honor
1202 782 1247 818 et
1276 783 1500 835 potestas,

105 868 196 897 una
230 868 335 896 cum
362 851 500 896 Patre
527 861 573 896 et
600 849 779 912 Spiritu
810 849 1006 905 Sancto,
1041 865 1126 911 per
1154 850 1311 894 omnia
1341 850 1504 896 saeeula

108 928 403 974 saeculorum.
433 927 602 972 Amen.
627 947 649 969 »
716 981 719 984 ,

172 1004 237 1049 Χ.
268 1005 389 1051 Eece
421 1005 566 1050 vitam
598 1005 743 1051 sancti
777 1004 923 1066 patris
950 1003 1136 1050 Ebrulfi
1165 1005 1392 1051 veraciter
1422 1003 1508 1050 de-

109 1082 288 1145 scripsi,
307 1098 518 1146 eamque‚
536 1082 652 1128 sicut
668 1099 690 1126 a
714 1079 954 1144 prioribus
972 1079 1090 1126 edita
1108 1092 1192 1138 est,
1212 1080 1386 1128 idcirco
1404 1080 1511 1128 huic

109 1159 334 1223 opusculo
357 1158 608 1222 diligenter
633 1158 830 1213 inserui,
859 1168 910 1203 ut
934 1156 1196 1221 legentibus
1221 1160 1370 1220 prosit
1395 1158 1509 1203 tanti

111 1236 273 1281 notitia
297 1236 508 1298 patroni,
532 1234 831 1297 Dominoque
848 1234 946 1280 Deo
964 1234 1145 1297 placeat
1161 1250 1289 1279 meus
1315 1233 1450 1280 labor
1469 1245 1513 1280 et

110 1312 326 1367 affectus,
357 1312 437 1375 qui
461 1321 617 1374 satago
641 1310 888 1373 propalare
909 1311 1155 1356 nun-{ioris
1175 1311 1263 1356 mei
1288 1311 1515 1374 gloriosos

112 1400 264 1444 actus,
293 1388 350 1434 ad
380 1387 563 1434 laudem
590 1387 712 1432 illius
744 1388 789 1432 in
820 1404 915 1450 quo
947 1387 1170 1442 vivimus,
1200 1404 1448 1433 mox-emur
1470 1399 1516 1433 et

113 1484 285 1511 sumus.
306 1465 482 1511 Verum
499 1481 556 1510 ex
571 1480 666 1527 quo
682 1465 901 1526 praefatus
918 1463 1055 1509 heros
1071 1464 1254 1508 transiit
1271 1480 1294 1508 e
1310 1463 1488 1509 mundo
1503 1500 1513 1518 ‚

113 1543 192 1606 qui
217 1543 291 1588 vel
316 1553 433 1606 quot
460 1556 739 1587 successores
763 1540 830 1585 illi
860 1540 1037 1585 suerint
1060 1556 1145 1603 per
1169 1556 1271 1586 cccc
1296 1557 1444 1587 annos
1469 1542 1514 1586 in

113 1619 319 1665 Uticensi
343 1616 591 1673 coenobio,
615 1633 692 1662 seu
717 1617 875 1680 quales
895 1627 1088 1663 eventus
1108 1617 1393 1680 pertulerint
1412 1635 1521 1682 pro-

113 1696 331 1742 vinciales
362 1695 436 1742 vel
467 1693 746 1750 coenobitae,
782 1694 968 1757 penitus
994 1695 1179 1759 ignoro.
1209 1695 1328 1741 Nam
1354 1694 1519 1742 subse-

111 1774 273 1838 quenti
300 1784 536 1835 tempore,
564 1771 681 1818 sicut
699 1773 796 1835 jam
830 1772 877 1817 in
908 1772 1142 1835 plerisque
1174 1773 1288 1819 locis
1317 1774 1521 1836 pleniter

113 1851 327 1907 enodavi,
350 1851 513 1913 piratae
534 1849 590 1895 de
606 1850 742 1895 Dacia
759 1850 928 1912 egressi
943 1861 1068 1906 sunt,
1092 1861 1136 1896 et
1151 1851 1280 1913 prius
1294 1852 1521 1916 Hastingo

114 1927 332 1983 ductore,
361 1945 411 1973 ac
434 1925 733 1989 postmodum
758 1925 986 1984 Rollone,
1015 1927 1059 1973 in
1086 1926 1351 1973 Neustriam
1378 1945 1521 1974 vene-

116 2014 252 2059 runt,
276 2013 322 2048 et
341 2002 604 2048 christianae
624 2000 726 2047 fidei
749 2001 989 2066 divinique
1010 2003 1160 2047 cultus
1181 2004 1355 2066 ignari,
1384 2021 1521 2067 super

117 2080 300 2127 fidelem
322 2080 551 2143 populum
582 2079 850 2124 immaniter
881 2078 1150 2125 debacchati
1185 2091 1310 2125 sunt.
1342 2081 1520 2128 Novio-

116 2175 245 2203 mum
260 2168 398 2220 atque
411 2157 740 2219 Rotomagum‚
753 2155 954 2219 aliasque
964 2156 1134 2201 multas
1146 2155 1285 2203 urbes
1294 2168 1339 2203 et
1350 2157 1520 2221 oppida

117 2237 337 2299 vicosque
361 2244 806 2290 concremaverunt,
836 2233 1052 2279 coenobia
1078 2234 1223 2279 multa
1252 2235 1429 2298 ingenti
1455 2253 1524 2282 re-

118 2312 292 2376 ligione
325 2312 550 2375 pollentia
583 2310 940 2367 destruxerunt,
980 2311 1229 2376 pluresque
1265 2312 1523 2359 innumeris

119 2389 321 2437 caedibus
346 2391 558 2453 regiones
583 2387 835 2434 admodum
858 2387 1104 2435 devastatae
1129 2400 1259 2445 sunt,
1286 2400 1332 2435 et
1356 2390 1522 2455 fugatis

119 2468 191 2513 vel
216 2466 470 2514 interfectis
496 2466 684 2520 incolis,
715 2465 921 2511 civitates
941 2476 987 2511 et
1004 2466 1129 2511 villae
1156 2467 1200 2513 in
1223 2467 1524 2514 solitudinem

121 2543 318 2590 redactae
343 2554 467 2589 sunt.
495 2543 546 2589 In
573 2553 698 2587 tanta
731 2541 1015 2589 desolatione
1047 2544 1247 2589 inermes
1277 2545 1521 2601 monachi,

120 2621 233 2686 quid
250 2623 455 2668 facerent
477 2621 641 2675 nescii,
669 2636 789 2683 saepe
813 2631 1229 2678 contremuerunt;
1258 2622 1304 2668 iu
1328 2623 1525 2670 miseriis

121 2699 303 2753 afflicti,
330 2698 489 2745 sedulo
507 2698 692 2761 ploratu
711 2697 866 2744 dolori
892 2714 974 2744 suo
997 2698 1338 2755 satisfecerunt,
1367 2700 1526 2746 linem-

121 2793 211 2839 que
235 2794 366 2821 suum
402 2776 445 2820 in
475 2775 663 2821 latebris
693 2785 931 2837 gementes
963 2775 1217 2836 praestolati
1250 2787 1374 2822 sunt.
1407 2777 1526 2835 Qui-
