2085 3455
575 342 652 378 578
917 338 1160 376 HISTORIA
1191 337 1594 376 ECCLESIASTICA.
1629 339 1843 388 [NOVEMBRI
1863 341 1979 390 1098]

573 426 778 473 chanore
801 425 1105 488 postmodum
1129 435 1261 471 aucta
1283 435 1376 481 est,
1401 436 1446 470 et
1471 443 1494 470 a
1514 425 1708 471 nomine
1731 425 1876 488 patris
1893 427 1979 482 sui,

572 504 750 550 scilicet
790 502 1015 550 Antiochi
1063 502 1187 548 Clari
1202 538 1213 558 ,
1258 502 1500 548 nominata
1535 512 1621 547 est.
1662 501 1725 546 Et
1759 502 1982 565 quoniam

574 591 717 626 tantae
734 580 821 626 suit
843 579 1137 626 auctoritatis
1156 589 1204 625 et
1223 578 1510 637 nobilitatis,
1531 589 1695 642 utpote
1712 596 1817 643 quae
1843 579 1986 626 totius

572 658 718 720 Syriae
743 667 883 721 caput
905 657 1126 703 extiterat
1145 667 1191 703 et
1213 657 1519 721 metropolis,
1542 655 1708 703 Franci
1731 657 1987 704 noluerunt

572 752 676 781 eam
712 734 946 781 devictam
986 744 1161 780 temere
1193 733 1458 792 dimittere,
1487 750 1571 798 per
1596 752 1739 798 quam
1761 733 1988 797 optabant

572 812 831 875 primatum
866 828 1003 858 suum
1032 810 1174 874 longe
1209 811 1395 875 lateque
1431 811 1674 875 proferre,
1702 822 1749 858 et
1771 811 1990 876 regiones

572 890 712 936 etiam
750 889 1033 953 longinquas
1063 886 1405 934 Christianitati
1443 888 1709 954 subjugare.
1745 890 1877 935 Hanc
1907 905 1992 952 per

573 978 682 1014 octo
709 983 893 1013 menses
916 977 964 1013 et
986 983 1136 1012 unum
1160 965 1287 1012 diem
1312 965 1597 1013 obsederant
1621 968 1724 1030 (1),
1763 978 1809 1014 et
1837 968 1885 1013 in
1913 983 1993 1013 ea—

573 1046 679 1092 dem
698 1045 797 1109 jam
821 1055 953 1108 capta
984 1061 1070 1107 per
1100 1055 1195 1090 tres
1220 1042 1537 1092 hebdomadas
1565 1044 1735 1092 obsessi
1771 1056 1897 1091 sunt.
1938 1045 1993 1090 In

574 1141 666 1188 qua
680 1121 927 1169 obsidione
944 1121 1170 1168 diuturna
1191 1132 1347 1168 tantus
1362 1122 1594 1169 confluxit
1611 1133 1871 1169 conventus
1886 1139 1994 1186 gen-

577 1200 732 1246 tilium
749 1236 760 1256 ,
787 1210 840 1246 ut
858 1199 1017 1245 nullus
1035 1199 1310 1246 meminerit
1329 1199 1643 1262 copiosiorem
1666 1216 1713 1245 se
1736 1198 1902 1245 vidisse
1922 1200 1992 1246 vel

578 1276 757 1322 audisse
794 1276 1113 1340 frequentiam
1135 1275 1444 1338 populorum.
1473 1275 1829 1340 Requieverunt
1854 1276 1997 1340 igitur

580 1357 627 1401 in
654 1372 704 1402 ea
737 1354 951 1419 quinque
975 1352 1239 1410 mensibus,
1266 1365 1313 1400 et
1343 1370 1515 1401 novem
1539 1353 1719 1400 diebus.
1748 1355 1841 1400 Tot
1859 1353 1999 1400 rebus

579 1432 967 1490 occurrentibus,
994 1432 1256 1479 noluerunt
1281 1448 1385 1478 eam
1410 1432 1596 1478 incaute
1620 1431 1888 1490 dimittere;
1920 1431 1997 1478 sed

583 1510 706 1557 fideli
732 1509 1072 1574 delegaverunt
1104 1509 1279 1555 tutelae.
1310 1510 1477 1557 Comes
1511 1521 1668 1556 autem
1691 1520 1738 1556 et
1761 1511 2000 1556 Buamun-

582 1588 668 1634 dus
691 1588 994 1651 peculiariter
1019 1603 1160 1650 super
1183 1603 1286 1632 eam
1306 1587 1496 1634 sibimet
1515 1587 1805 1651 cogitabant.
1829 1588 2000 1633 Civita-

585 1677 681 1712 tem
706 1682 851 1728 ergo,
877 1675 930 1710 ut
970 1664 1149 1710 dictum
1183 1674 1274 1722 est,
1308 1664 1643 1721 muniverunt,
1675 1675 1722 1710 et
1762 1665 1810 1710 in
1844 1681 2004 1711 mense

590 1743 839 1790 novembri
863 1744 950 1805 (2),
967 1742 1080 1787 alias
1104 1743 1382 1805 profecturi»,
1405 1741 1545 1789 rebus
1568 1741 1859 1807 quibuslibet
1883 1759 2004 1789 com-

590 1821 753 1885 positis
769 1856 780 1874 ,
805 1818 1112 1866 Antiochiam
1133 1819 1367 1865 exierunt.

658 1899 789 1945 XIII.
818 1898 985 1944 Comes
1012 1897 1303 1944 Raimundus
1339 1916 1446 1944 cum
1483 1915 1566 1945 suo
1601 1900 1812 1945 exercitu
1835 1898 2004 1953 exivit,

594 1989 641 2024 et
664 1977 776 2023 duas
799 1976 1009 2021 civitates
1034 1995 1043 2020 :
1068 1975 1267 2040 Rugiam
1289 1977 1358 2038 (ὃ)
1379 1987 1425 2021 et
1449 1975 1696 2022 Albariam
1713 1974 2005 2039 pertransiit,

642 2194 693 2235 (1)
713 2191 765 2226 Ce
781 2190 909 2225 chiffre
925 2197 981 2224 est
998 2197 1082 2237 trop
1099 2189 1208 2224 elcve.
1232 2191 1287 2224 Du
1316 2191 1353 2226 18
1376 2191 1526 2226 octobre
1545 2203 1587 2225 au
1610 2189 1632 2226 5
1645 2192 1746 2236 juin,
1776 2191 1799 2225 il
1824 2191 1882 2237 n’y
1902 2204 1920 2225 a
1941 2203 2009 2238 qur

595 2259 675 2298 sept
693 2251 784 2285 mois
802 2257 839 2284 et
850 2249 1015 2296 dix-sept
1027 2250 1143 2295 jours.
1166 2248 1282 2284 Noti-e
1296 2256 1428 2284 auteur
1441 2250 1532 2284 n’est
1548 2262 1608 2296 pas
1625 2250 1790 2285 heureux
1803 2262 1848 2284 en
1867 2249 2010 2297 general

597 2312 687 2345 «lans
701 2322 755 2345 ses
771 2309 1026 2356 supputatious
1043 2309 1365 2356 chronologiqucs.
1379 2308 1479 2344 Celle
1494 2310 1556 2357 qui
1573 2310 1645 2344 suit
1658 2322 1703 2344 ne
1720 2316 1804 2344 vaut
1820 2321 1881 2356 pas
1892 2310 2010 2343 niieux

597 2383 668 2417 que
686 2369 720 2404 la
739 2368 972 2415 precedente.
995 2368 1053 2402 Du
1072 2368 1210 2413 28juiu
1229 2380 1274 2402 au
1298 2381 1331 2402 11
1355 2368 1570 2410 novembre,
1591 2370 1733 2415 epoque
1750 2370 1768 2402 a
1790 2367 1944 2415 laquelle
1962 2367 2011 2401 les

597 2429 731 2463 croiscs
745 2427 945 2474 paraisscnt
965 2427 1071 2462 s'etrc
1088 2427 1198 2462 remis
1216 2427 1484 2473 partiellement
1498 2440 1543 2462 en
1560 2440 1779 2474 campagne,
1798 2427 1821 2461 il
1839 2428 1897 2473 n'y
1911 2439 1929 2461 a
1943 2439 2012 2473 qu(-

597 2494 729 2535 quatre
738 2486 875 2520 moiset
885 2486 1123 2532 treizejours.
1134 2487 1235 2521 Pour
1245 2487 1410 2521 arrivera
1423 2499 1487 2521 son
1499 2487 1638 2531 chiffre,
1651 2487 1760 2521 ilfaut
1773 2485 2013 2533 comprendi-(r

600 2548 688 2581 :lans
702 2558 742 2580 ce
756 2552 874 2591 temps
888 2545 932 2579 dc
949 2557 1055 2592 rcpos
1071 2547 1370 2592 (requieverunt)
1387 2545 1436 2579 les
1450 2546 1698 2593 vingt-quatre
1711 2546 1814 2591 jours
1829 2546 1873 2580 de
1891 2545 2013 2579 blocus

601 2615 637 2642 et
656 2607 686 2640 16
702 2607 790 2651 jour
810 2605 855 2639 de
874 2605 906 2639 la
925 2605 1070 2639 bataille
1089 2604 1323 2640 d’Antioche.

649 2669 697 2711 (2)
718 2666 764 2699 Le
787 2678 821 2699 11
845 2665 1041 2699 novembre
1055 2693 1064 2705 ‚
1088 2665 1229 2699 suivant
1247 2664 1422 2713 quelques
1444 2665 1564 2699 recita.

646 2726 695 2772 (3)
716 2729 772 2760 Au
800 2726 894 2771 sujct
921 2725 965 2759 dc
985 2732 1078 2759 cette
1108 2725 1208 2768 ville⁷
1234 2737 1340 2771 voycz
1362 2724 1557 2767 ci-desws,
1587 2738 1622 2771 p.
1644 2723 1725 2771 517.
1755 2726 1803 2759 M.
1826 2723 2014 2770 Poujoulat

603 2789 656 2822 u'a
690 2800 736 2833 pu
768 2787 912 2820 obtenir
945 2798 1080 2820 aucuns
1116 2786 1425 2832 rcuscigncnients
1455 2798 1516 2820 sur
1550 2785 1838 2831 l'eniplaccmcnt
1861 2791 1895 2819 et
1922 2784 2010 2817 Pela!

606 2848 719 2883 actuo}
746 2848 778 2881 d*
794 2847 929 2881 Uimi-ii·
