2085 3455
632 328 707 367 408
996 327 1237 366 HISTORIA
1268 327 1670 364 ECCLESIASTICA.
1896 330 2029 380 [1095]

632 415 841 479 ignovit,
872 425 917 461 et
942 415 1225 478 promissum
1252 413 1411 459 avidus
1440 413 1717 476 expectavit.
1746 412 2029 460 Gislebertus

627 494 692 539 ait
715 513 726 539 ε
748 493 871 539 Siste
881 493 1079 558 pedem,
1101 510 1279 556 qimam,
1311 510 1400 537 rex
1422 491 1613 548 nobilis,
1637 502 1680 537 et
1698 490 1824 537 lianc
1842 491 2024 549 siloam,

628 588 736 634 quae
761 580 872 616 ante
895 587 979 615 nos
1005 581 1096 627 est,
1124 587 1182 614 ne
1201 568 1502 631 ingrediaris.
1532 569 1699 614 Hostes
1718 571 1841 614 enim
1865 568 1964 614 illic
1985 572 2031 615 in

628 650 773 694 armis
800 649 968 712 parati
988 647 1342 712 preestolantar,
1370 650 1452 710 qui
1476 658 1518 692 te
1546 663 1674 692 nunc
1691 646 1924 710 jugulare
1951 664 2031 693 co-

626 735 818 770 nantur.
848 724 1025 769 Contra
1045 734 1087 768 te
1105 724 1505 787 conspirationem
1511 722 1731 786 fecimus
1740 759 1756 779 ,
1779 734 1822 767 et
1841 734 2029 768 mortem

626 814 757 846 luam
774 800 1100 864 jurejurando
1127 800 1391 846 machinati
1413 818 1595 846 sumus.
1636 799 1716 844 His
1741 798 1926 857 auditis,
1952 817 2032 846 rex

624 877 855 934 substitit,
895 887 942 923 et
973 878 1169 940 praefato
1205 877 1385 923 barone
1419 877 1679 933 indicante,
1717 887 1836 941 quot
1873 887 1920 922 et
1953 879 2030 942 qui

623 955 810 1001 fuerant
833 953 1104 1018 proditores
1121 990 1132 1010 ,
1162 954 1373 1018 agnovit.

688 1033 868 1078 Delusis
901 1033 1058 1097 itaque
1091 1032 1296 1090 sicariis,
1330 1033 1409 1097 qui
1445 1048 1605 1096 regem
1640 1031 1853 1078 occidere
1882 1032 2030 1079 moliti

623 1120 732 1156 sunt
749 1146 762 1167 ,
810 1121 1003 1156 armatae
1046 1109 1301 1173 phalanges
1349 1126 1573 1173 prospere
1616 1110 1717 1156 loca
1761 1109 2032 1155 insidiarum

622 1186 1027 1250 pertransierunt,
1051 1197 1097 1232 et
1120 1186 1489 1232 munitissimum
1514 1197 1745 1242 castrum,
1772 1186 1899 1250 quod
1921 1186 2034 1232 Bab-

621 1261 841 1326 benburg
881 1262 1056 1309 dicitur
1098 1263 1194 1325 (1),
1239 1262 1545 1309 obsederunt.
1590 1262 1653 1307 Et
1692 1263 1916 1326 quoniam
1958 1262 2030 1308 illa

621 1340 827 1388 munitio
855 1340 1235 1405 inexpugnabilis
1261 1351 1387 1397 erat,
1417 1341 1525 1406 quia
1552 1340 1880 1387 inaccessibilis
1901 1340 2034 1386 vide-

621 1418 763 1466 batur
782 1430 981 1483 propter
1005 1419 1197 1483 paludes
1218 1430 1264 1465 et
1286 1437 1452 1484 aquas,
1481 1429 1526 1465 et
1550 1419 1635 1464 alia
1656 1418 1870 1483 quaedam
1897 1419 2033 1464 itine-

621 1497 837 1544 rantibus
878 1498 1145 1555 contraria,
1181 1497 1351 1562 quibus
1386 1497 1710 1555 ambiebatur,
1747 1515 1830 1544 rex
1863 1514 2033 1543 novam

619 1575 939 1622 munitionem
959 1575 1015 1621 ad
1035 1574 1353 1621 defensionem
1373 1575 1633 1638 provinciae
1648 1611 1659 1631 ,
1687 1586 1734 1621 et
1757 1575 2033 1621 coarctatio-

618 1669 732 1698 nem
755 1650 965 1698 hostium
990 1653 1280 1707 construxit,
1318 1663 1364 1697 et
1394 1650 1650 1707 militibus,
1687 1652 1830 1697 armis
1856 1669 1907 1697 ac
1932 1650 2033 1697 vic-

620 1727 822 1774 tualibus
853 1728 1082 1791 implevit.
1110 1728 1295 1774 Conseii
1321 1738 1480 1774 autem
1509 1727 1718 1791 perfidiae
1753 1739 1798 1773 et
1828 1727 2031 1773 fautores

618 1822 814 1862 eorum,
842 1804 994 1869 detegi
1020 1816 1253 1862 verentes,
1282 1806 1616 1852 conticuerunt
1631 1842 1643 1861 ,
1667 1817 1713 1851 et
1736 1816 1865 1851 metu
1888 1822 2033 1852 exan-

617 1900 754 1947 gues,
791 1883 900 1947 quia
935 1893 1128 1929 conatus
1162 1899 1267 1929 suos
1303 1881 1421 1928 nihil
1458 1883 1616 1929 valere
1648 1883 2028 1946 perpenderunt,

616 1960 757 2024 regiis
782 1958 1059 2007 cohortibus
1090 1961 1319 2017 immixti,
1348 1962 1444 2024 ejus
1469 1961 1740 2018 servitium,
1775 1963 1903 2025 cujus
1930 1961 2031 2007 exi-

616 2039 736 2084 tium
755 2049 1056 2101 optaverant,
1078 2049 1302 2102 prompte
1325 2040 1525 2103 aggressi
1548 2051 1674 2086 sunt.
1697 2040 1899 2097 Interea,
1921 2039 2031 2086 dum

614 2134 699 2163 rex
723 2117 772 2162 in
795 2117 939 2162 armis
964 2134 1071 2162 cum
1096 2116 1363 2181 agminibus
1387 2118 1478 2163 suis
1501 2116 1557 2163 ad
1580 2117 1760 2163 bellum
1784 2128 2033 2181 promptus

614 2204 876 2252 constaret,
901 2204 948 2240 et
969 2193 1252 2241 chiliarchos
1275 2213 1328 2241 ac
1348 2196 1674 2252 centuriones,
1697 2195 1904 2259 aliosque
1926 2212 2032 2258 pro-

613 2288 740 2318 ceres
765 2270 1004 2329 Albionis,
1027 2290 1135 2318 cum
1153 2271 1351 2318 subditis
1373 2272 1460 2318 sibi
1482 2272 1717 2336 plebibus,
1742 2273 1872 2336 operi
1894 2289 2029 2318 novae

612 2349 892 2396 munitionis
910 2349 1230 2398 indesinenter
1248 2352 1458 2398 insistere
1478 2352 1802 2414 compelleret,
1821 2350 2032 2397 Rodber-

614 2438 687 2474 tus
705 2427 762 2474 de
781 2430 1153 2493 propugnaculis
1170 2429 1262 2476 suis
1282 2431 1577 2477 contrarium
1597 2430 1683 2477 sibi
1703 2448 1819 2494 opus
1835 2441 2030 2476 moestus
2083 2457 2085 2495 3

612 2507 955 2570 conspiciebat,
991 2519 1038 2554 et
1067 2509 1320 2573 complices
1349 2526 1454 2556 suos
1485 2509 1574 2554 alta
1607 2525 1721 2555 voce
1749 2508 2030 2555 nominatim

611 2585 951 2648 compellebat,
981 2604 1033 2632 ac
1057 2597 1109 2633 ut
1133 2586 1463 2651 jusjurandum
1487 2585 1543 2632 de
1575 2586 1859 2649 proditionis
1882 2585 2028 2632 socie-

613 2674 706 2710 tate
734 2677 1102 2723 conservarent,
1140 2667 1294 2730 palam
1333 2665 1687 2713 commonebat.
1718 2666 1816 2711 Rex
1848 2674 2024 2717 autem,
2080 2704 2083 2716 J

658 2834 708 2877 ξπ)
730 2834 997 2877 Bamborougli.
