2085 3455
584 314 662 350 510
951 312 1193 350 HISTORIA
1226 311 1631 351 ECCLESIASTICA.
1695 318 1741 364 [1⁰
1763 329 1859 353 mun
1885 320 2003 368 1097]

584 411 740 445 tamen
762 415 928 445 rumor
947 399 1029 446 iste
1047 417 1131 463 per
1150 410 1302 445 totum
1318 401 1579 446 exercitum
1594 402 1894 470 Rercrebruit
1910 403 2000 466 (ι),

583 488 629 523 et
653 478 817 541 legatis
839 478 980 541 legati
1011 477 1297 540 superadditi
1328 489 1463 535 sunt,
1493 479 1784 526 Godesredus
1808 480 1926 531 dux,
1957 493 2006 526 ut

583 565 684 599 erat
720 554 854 600 miles
887 556 1169 612 acerrimus,
1205 572 1360 601 comes
1395 574 1587 620 quoque
1616 558 1903 621 Stephanus,
1934 560 2007 604 vir

583 630 792 695 prudens
813 643 859 678 et
880 632 1116 678 modestus
1131 669 1141 687 ‚
1179 633 1318 697 Hugo
1355 633 1555 697 Magnus
1573 669 1583 688 ,
1611 634 1867 681 Balduinus
1891 653 2006 700 quo-

584 727 675 774 que
695 722 741 756 et
757 710 1055 765 Eunuchum,
1080 711 1304 774 intrepidi
1329 730 1437 757 eum
1457 713 1549 757 suis
1571 711 1795 758 advolant
1811 715 2008 760 commi-

585 788 830 834 litonibus,
848 787 1090 834 Podiensis
1106 790 1351 852 episcopus
1370 807 1495 852 pone
1514 789 1816 855 sequebatur,
1838 809 2010 838 comes-

584 882 675 929 que
695 865 957 911 Tolosanus
973 900 984 918 ,
1009 864 1321 912 Raimundus.
1341 866 1645 912 Mirabantur
1667 869 1766 931 jam
1789 869 2010 915 fatiscen-

584 943 705 988 tium
731 944 872 989 eorda
909 941 1318 999 Christianorum,
1350 944 1475 991 unde
1503 956 1630 991 tanta
1653 963 1793 1010 gens,
1821 957 2010 1011 tamque

585 1020 858 1083 repentina,
898 1031 1076 1083 praeter
1112 1037 1242 1083 spem
1276 1021 1323 1066 in
1354 1038 1431 1068 eos
1470 1023 1786 1070 immersisset.
1825 1024 2011 1070 Montes

584 1098 713 1143 enim
747 1109 794 1144 et
827 1098 971 1144 valles
1007 1110 1385 1162 cooperuerant,
1411 1111 1458 1145 et
1488 1101 1523 1145 si
1551 1118 1641 1164 qua
1668 1101 1809 1164 plana
1848 1112 2007 1157 erant,

584 1175 738 1222 densis
761 1187 1026 1222 turmarum
1048 1178 1208 1223 cuneis
1224 1179 1382 1223 omnia
1403 1179 1847 1243 frequentabantur.
1872 1179 2012 1225 Auxi-

585 1254 730 1301 liante
753 1255 853 1301 Deo
869 1291 881 1311 ‚
908 1254 1162 1300 Christiani
1186 1256 1374 1301 fortiter
1394 1256 1756 1318 praeliabamur,
1779 1268 1826 1302 et
1848 1256 2012 1321 gladiis

584 1333 757 1379 exertis
782 1344 828 1378 et
853 1333 900 1378 in
926 1343 1134 1379 mortem
1156 1332 1354 1379 vibratis
1379 1351 1453 1380 res
1476 1334 1706 1380 duntaxat
1736 1334 2009 1399 gerebatur.

587 1409 772 1457 Adsunt
792 1411 1056 1474 repentini,
1082 1428 1199 1475 quos
1222 1410 1594 1468 advocaverant,
1618 1413 1748 1459 socii.
1773 1412 2012 1459 Podiensis

584 1490 846 1552 episeopus,
872 1507 980 1535 cum
1001 1506 1086 1536 suo
1110 1507 1285 1553 magno
1311 1492 1541 1547 exercit11‚
1571 1510 1593 1537 a
1616 1502 1752 1556 tergo
1778 1509 2014 1555 praeoccu-

585 1567 715 1630 pavit
753 1567 987 1613 inimicos.
1032 1568 1173 1613 Parte
1202 1568 1350 1614 altera
1386 1587 1543 1615 comes
1577 1570 1734 1616 Sancti
1773 1569 1925 1633 Egidii
1967 1582 2013 1616 et

583 1644 841 1691 Balduinus
859 1663 911 1691 ae
933 1644 1213 1690 Eustachius
1231 1646 1507 1692 festinanter
1524 1646 1819 1711 equitabant.
1840 1647 1880 1692 A
1903 1646 2013 1693 dex-

585 1736 685 1771 tera
710 1723 806 1769 dux
830 1723 1123 1770 Godesredus
1143 1723 1309 1779 irruit,
1334 1735 1379 1769 et
1403 1725 1543 1788 Hugo
1562 1725 1785 1788 Magnus,
1807 1735 1853 1771 et
1871 1725 2013 1771 Flan—

583 1800 766 1847 drensis
800 1799 1098 1857 Rodbertus,
1137 1816 1223 1863 per
1253 1800 1415 1846 omnia
1455 1801 1589 1846 miles
1616 1800 2007 1864 expeditissimus.

585 1876 855 1924 Rodbertus
892 1894 1099 1940 namque
1132 1877 1439 1924 Normannus
1471 1888 1518 1922 et
1552 1877 1780 1923 Blesensis
1817 1877 2011 1940 Stepha-

584 1973 671 2000 nus
687 1991 697 2010 ‚
740 1953 1013 2001 Tancredus
1056 1965 1102 2000 et
1140 1953 1445 2000 Buamundus
1485 1954 1791 2019 pugnabant,
1835 1955 2012 2020 diuque

585 2031 698 2078 belli
722 2031 909 2095 pondus
933 2032 1271 2078 sustinuerant.
1300 2032 1511 2078 Gentiles
1536 2032 1873 2096 obstupefacti,
1901 2050 2012 2097 quo-

584 2111 712 2157 niam
739 2109 976 2157 hostiliter
996 2128 1019 2155 a
1036 2110 1151 2156 facie
1170 2121 1217 2157 et
1235 2129 1260 2157 a
1277 2122 1413 2175 tergo
1432 2110 1627 2174 inopine
1649 2109 2008 2174 premebantur,

583 2189 706 2252 sugae
747 2205 795 2234 se
830 2187 1161 2245 crediderunt,
1201 2199 1248 2235 et
1283 2200 1413 2253 terga
1450 2188 1741 2235 credentibus
1773 2205 2011 2235 concesse-

584 2277 701 2312 runt
725 2267 815 2330 (2).
854 2266 1048 2313 Caecidit
1070 2278 1228 2313 autem
1250 2284 1328 2314 eos
1364 2284 1510 2332 usque
1544 2267 1601 2313 ad
1636 2268 2011 2314 internecionem

585 2345 967 2391 Christianorum
999 2344 1207 2409 gladius,
1237 2357 1284 2392 et
1307 2347 1448 2392 multi
1477 2345 1773 2392 multimodis
1796 2346 2010 2409 oppetie-

587 2433 703 2469 runt
719 2421 974 2470 mortibus.
999 2424 1045 2469 Si
1064 2424 1145 2488 qui
1166 2440 1280 2471 vero
1299 2435 1579 2487 potuerunt,
1604 2423 1914 2470 delituerunt.
1936 2422 2008 2470 lbi

632 2606 682 2651 (ι)
701 2605 752 2640 Ce
771 2605 826 2639 fut
844 2618 909 2652 par
926 2606 1069 2641 Arnoul
1088 2606 1133 2640 de
1154 2606 1300 2647 Roeux,
1322 2606 1514 2653 chapelain
1533 2606 1584 2640 du
1602 2606 1673 2640 due
1695 2605 1740 2640 de
1759 2606 2004 2647 Normandie,

586 2676 657 2711 que
676 2663 708 2698 la
727 2664 893 2699 nouvelle
911 2664 956 2698 de
973 2665 1005 2699 la
1025 2664 1170 2700 bataille
1188 2672 1225 2700 et
1243 2665 1275 2700 la
1293 2664 1474 2700 ‹Iemande
1493 2664 1538 2699 de
1558 2677 1703 2701 secours
1721 2666 1846 2700 surent
1864 2666 2006 2711 portees

584 2725 602 2757 ἐι
623 2723 818 2759 Godesroi.

631 2784 681 2831 (2)
699 2786 980 2819 Consenserunt.
1004 2786 1069 2819 MS.
1091 2785 1135 2820 (le
1155 2777 1443 2820 Satur-tslvroult.
