2033 3445
124 294 227 341 [x1v0
243 304 331 328 AUG.
356 289 475 337 1099]
635 287 788 326 LIBER
816 286 994 324 NONUS.
1436 282 1515 320 617

123 376 311 440 periora
354 382 582 431 tutantes,
625 373 801 437 sagittis
840 370 1095 418 utebantur
1134 379 1181 416 et
1216 367 1396 434 gladiis.
1437 366 1520 412 His

123 452 405 515 imperatum
427 450 579 496 suerat
607 465 666 496 ne
696 449 769 495 vel
798 448 854 495 ad
881 456 1178 494 momentum
1217 444 1515 499 recederent,

122 529 197 576 vel
231 529 388 576 locum
419 537 696 591 occupatum
732 526 895 572 saltem
928 523 984 570 ad
1013 540 1195 587 passum
1218 521 1513 569 excederent.

121 605 273 652 Porro
289 605 516 668 manipuli
536 603 787 661 militares,
815 611 957 665 prout
983 600 1198 646 instructi
1223 609 1380 655 erant,
1403 615 1515 644 con-

119 681 243 728 dicta
266 682 366 728 loca
392 679 631 727 tenebant.
658 681 718 725 Et
739 678 963 742 quoniam
987 676 1084 722 sitis
1110 674 1517 721 immoderantiam

118 758 183 805 ob
223 769 388 805 aestum
433 767 478 804 et
520 755 897 820 pulverulentam
941 753 1162 801 nebulam
1178 788 1191 809 ,
1237 761 1283 798 et
1319 760 1517 814 propter

117 834 329 881 laborem
346 852 399 880 ac
415 833 773 880 diuturnitatem
792 830 1057 896 praeliandi,
1072 828 1364 884 metuebant,
1381 844 1518 890 aqua-

115 928 224 956 rum
249 909 547 957 cantharulos
578 909 742 973 plenos
761 927 784 955 a
815 909 937 956 collo
961 906 1322 971 suspenderant,
1348 902 1519 967 quibus

112 987 332 1033 retentati
366 987 654 1034 constantius
685 985 992 1042 obsisterent,
1022 984 1096 1030 vel
1123 983 1350 1047 fugientes
1376 978 1514 1026 inde-

111 1061 342 1109 ficientius
360 1073 772 1127 persequerentur.
790 1062 858 1108 De
875 1061 980 1125 suga
999 1077 1163 1107 eorum
1188 1058 1314 1105 nulla
1335 1056 1515 1103 menti0

112 1151 235 1197 erat;
271 1139 573 1187 confidebant
600 1141 726 1186 enim
761 1140 808 1185 in
839 1136 1220 1185 multitudinibus
1248 1136 1340 1182 suis
1371 1135 1514 1180 innu-

112 1217 272 1273 meris,
293 1227 340 1263 et
358 1218 405 1263 in
427 1216 738 1263 barbararum
756 1215 1027 1280 pectoribus
1044 1214 1255 1279 gentium
1272 1212 1510 1267 animosis,

114 1303 161 1339 et
187 1293 234 1338 in
254 1293 598 1356 imperialibus,
628 1310 686 1339 ne
708 1310 915 1357 unquam
937 1293 1178 1356 sugerent,
1201 1289 1379 1336 edictis.
1403 1289 1513 1333 Fu-

111 1372 320 1434 gientes,
353 1370 509 1435 inquit
539 1370 798 1434 imperator
824 1371 920 1433 (1),
958 1370 1169 1433 capitam
1206 1367 1512 1414 animadver-

111 1447 244 1492 sione
255 1447 550 1511 puniantur!
570 1446 702 1492 Bello
720 1447 943 1510 utrinque
958 1456 1026 1491 sat
1046 1443 1243 1508 provide
1259 1452 1439 1506 parato,
1460 1451 1513 1486 ut

111 1520 168 1567 ad
182 1522 339 1568 locum
363 1521 475 1568 belli
496 1523 924 1586 appropinquatum
942 1532 1031 1577 est,
1054 1520 1305 1566 Christiani
1327 1536 1512 1582 parum-

109 1614 195 1661 per
219 1596 552 1653 substiterunt,
579 1597 742 1644 oculos
766 1597 934 1643 devote
958 1597 1005 1643 in
1029 1596 1206 1643 coelum
1230 1604 1508 1649 erexerunt,

106 1674 397 1739 genibusque
443 1676 491 1721 in
534 1685 708 1721 terram
746 1674 910 1721 defixis
948 1684 1222 1722 oraverunt.
1267 1673 1510 1719 Auxilium

105 1752 233 1798 enim
258 1751 315 1798 de
346 1753 473 1799 coelo
503 1751 780 1815 sperabant,
809 1751 935 1815 quod
960 1750 1236 1814 jamdudum
1271 1751 1317 1794 in
1350 1749 1509 1793 multis

105 1829 454 1876 necessitatibus
477 1845 598 1891 saepe
621 1827 707 1874 sibi
733 1828 886 1875 adesse
909 1837 1253 1891 persenserant.
1280 1825 1371 1872 Ubi
1394 1842 1509 1871 vero

104 1907 314 1953 breviter
336 1917 521 1953 oratum
546 1917 635 1963 est,
658 1916 704 1952 et
725 1907 911 1970 signum
935 1905 1181 1951 salutiferae
1204 1904 1354 1950 crucis
1376 1919 1507 1949 reve-

104 1994 268 2030 renter
307 1982 543 2029 frontibus
584 1981 826 2029 admotum
870 1993 937 2030 est
953 2018 966 2040 ,
1012 1982 1178 2046 majori
1224 1979 1505 2027 confidentia

106 2063 465 2126 equitaverunt,
508 2070 553 2107 et
600 2061 801 2106 viriliter
842 2061 889 2106 in
930 2060 1125 2107 nomine
1163 2057 1358 2104 Domini
1396 2058 1505 2103 Jesu

106 2138 318 2185 ethnicos
333 2139 533 2202 aggressi
553 2148 678 2184 sunt.
701 2137 908 2184 Gentiles
928 2137 1053 2183 enim
1067 2137 1162 2200 jam
1182 2134 1502 2189 substiterant,

106 2227 152 2262 et
186 2216 367 2262 immoti
400 2215 725 2279 expectabant.
762 2216 814 2260 In
845 2214 1012 2260 dextro
1042 2230 1191 2259 cornu
1216 2213 1345 2276 juxta
1376 2227 1505 2256 mare

105 2294 364 2340 Tolosanus
387 2292 641 2357 equitabat.
668 2294 721 2338 In
746 2303 878 2356 parte
909 2291 1092 2337 sinistra
1118 2306 1198 2335 rex
1223 2306 1330 2335 cum
1355 2287 1506 2351 legio-

105 2370 244 2416 nibus
286 2371 376 2416 suis
419 2369 722 2433 properabat.
754 2370 904 2416 Porro
937 2369 983 2414 in
1021 2367 1176 2413 medio
1204 2366 1505 2412 Normaunus

105 2457 151 2491 et
173 2444 471 2492 Flandrensis
506 2456 645 2511 atque
682 2444 974 2500 Tancredus,
1006 2444 1178 2508 aliique
1210 2441 1502 2498 militabaut3

104 2522 182 2569 sed
205 2522 261 2569 ad
286 2523 449 2572 decem
478 2540 534 2569 ex
568 2524 737 2570 nostris
760 2523 890 2568 mille
917 2520 1144 2585 Allophili
1180 2518 1500 2583 insurgebant.

104 2601 223 2647 Inita
240 2618 415 2664 pugna,
440 2601 724 2656 Roclbertus,
742 2600 837 2646 dux
857 2599 1244 2646 Normannorum
1260 2634 1271 2654 ,
1290 2596 1504 2642 Admira-

148 2771 197 2813 (ι)
220 2769 265 2803 Le
287 2770 370 2804 visir
391 2769 538 2805 Asdhal.
