2085 3455
532 332 581 366 η
895 332 1134 370 HISTORIA
1167 332 1568 371 ECCLESIASTICA.
1718 335 1933 383 [587-596]

529 433 604 463 eos
629 434 684 463 ex
704 418 811 464 felle.
833 420 1140 484 malignitatis
1157 438 1250 466 suae
1270 423 1488 485 nequiter
1510 421 1768 478 inebriare,
1791 432 1837 466 et
1858 438 1937 466 ne-

526 496 637 541 faria
663 496 1024 559 perturbatione
1047 515 1211 544 omnes
1227 500 1406 562 pariter
1429 500 1726 546 contristare.
1744 498 1940 545 Seditio-

474 606 480 615 .
527 590 635 619 nem
673 574 829 638 itaque
864 575 987 622 inter
1022 593 1099 622 eos
1130 575 1368 640 quondam
1409 577 1627 634 immisit,
1668 595 1774 641 quae
1821 575 1935 622 adeo

526 650 788 707 convaluit,
809 662 862 696 ut
885 650 979 698 duo
999 669 1054 698 ex
1079 652 1167 698 illis
1191 664 1490 709 necarentur,
1525 664 1570 699 et
1588 653 1753 717 reliqui
1774 669 1936 699 omnes

526 726 782 774 inedicibili
821 745 1032 776 moerore
1074 730 1385 775 afficerentur.
1439 730 1634 776 Filiolus
1667 747 1780 794 ergo
1815 730 1933 776 servi

523 804 631 861 Dei,
657 815 710 850 ut
734 805 990 852 insanabile
1022 805 1108 852 sibi
1134 807 1265 853 ulcus
1303 808 1348 852 in
1375 824 1574 870 corpore
1596 809 1796 854 fratrum
1815 824 1934 870 pro-

525 882 704 945 spexit,
733 884 919 930 concito
944 902 1080 930 cursu
1096 883 1152 930 ad
1169 884 1457 930 archiatrum
1471 884 1762 948 properavit.
1785 883 1935 943 Quem

527 976 635 1004 cum
657 958 732 1004 vir
753 971 937 1006 sanctus
956 961 1224 1007 venientem
1245 962 1540 1024 conspiceret
1556 980 1578 1007 a
1605 961 1747 1025 longe
1761 997 1774 1018 ‚
1804 961 1939 1007 intel-

526 1034 641 1080 lexit
675 1052 773 1081 non
809 1037 908 1082 sine
945 1054 1076 1083 causa
1114 1037 1245 1083 illum
1287 1049 1532 1101 tantopere
1566 1039 1810 1095 festinare,
1850 1054 1935 1083 ve·-

528 1113 754 1176 niensque
781 1114 826 1159 in
847 1131 1097 1161 occursum
1122 1115 1269 1172 illim,
1292 1117 1545 1162 sciscitatus
1568 1127 1636 1162 est
1660 1133 1841 1162 causam
1858 1115 1937 1160 ad-

523 1200 692 1236 ventus
733 1191 890 1254 ipsius.
929 1192 1081 1238 Porro
1120 1192 1331 1239 Malchus
1371 1194 1576 1239 seriatim
1614 1194 1829 1257 exposuit
1871 1193 1937 1239 illi

527 1267 767 1331 quomodo
802 1268 970 1316 fratres
995 1270 1282 1317 immissione
1314 1270 1543 1317 daemonis
1577 1272 1622 1318 in
1660 1271 1939 1318 seditionem

527 1344 720 1391 fuissent
740 1346 944 1392 exeitati.
972 1346 1109 1406 Quod
1132 1365 1239 1393 cum
1264 1347 1463 1393 audisset
1478 1384 1490 1404 ‚
1513 1348 1612 1394 zelo
1639 1348 1721 1394 Dei
1743 1364 1941 1393 succen-

531 1440 604 1467 sus
630 1422 898 1480 infremuit,
923 1435 970 1470 et
999 1442 1107 1470 cum
1130 1425 1301 1471 nuntio
1332 1426 1524 1471 festinus
1547 1425 1769 1471 accurrit.
1797 1425 1944 1470 Cum-—

530 1515 622 1561 que
650 1498 874 1546 coenobio
892 1501 1336 1565 appropinquasset,
1361 1513 1406 1547 et
1426 1502 1472 1547 in
1503 1502 1685 1559 locum,
1713 1500 1792 1546 ubi
1818 1519 1944 1547 nunc

530 1575 719 1621 ecclesia
742 1576 789 1622 in
813 1575 995 1624 honore
1013 1578 1153 1641 ipsius
1178 1577 1367 1624 condita
1385 1588 1497 1635 stat,
1524 1577 1809 1633 advenisset,
1833 1595 1944 1624 om-

532 1653 604 1697 nia
627 1653 757 1717 signa
779 1655 986 1701 coenobii
1006 1672 1092 1719 per
1112 1672 1158 1702 se
1181 1656 1273 1719 ipsa
1295 1673 1462 1702 sonare
1479 1667 1747 1719 coeperunt.
1770 1656 1945 1701 Simili-

533 1740 605 1774 ter
623 1729 680 1776 de
703 1731 893 1777 ecclesia
918 1732 1071 1778 Beatae
1090 1733 1253 1778 Mariae
1273 1734 1402 1797 signa
1423 1744 1709 1790 sonuerunt,
1732 1744 1778 1778 et
1795 1733 1851 1779 de
1868 1732 1946 1778 ba—

532 1807 658 1853 silica
678 1808 724 1853 S.
744 1809 937 1855 Martini
958 1810 1057 1873 (qui
1080 1810 1282 1875 Elegans
1300 1809 1566 1873 dicebatur)
1595 1810 1672 1856 ubi
1694 1810 1941 1874 parrochia

532 1886 867 1943 conveniebat,
900 1887 946 1932 in
979 1887 1084 1934 loco
1110 1889 1190 1952 qui
1225 1889 1493 1934 Bercoteria
1524 1888 1667 1952 vulgo
1698 1906 1943 1952 nuncupa-

534 1974 612 2009 tur
632 1985 645 2024 ιἱ
663 1965 720 2027 i).

597 2043 731 2088 Tunc
768 2042 983 2089 diabolus
1021 2044 1399 2090 animadvertens
1437 2045 1660 2091 Sanctum
1691 2044 1940 2100 advenire,

578 2240 627 2284 (ι)
647 2238 674 2272 Il
692 2239 804 2273 existe
819 2249 880 2272 sur
897 2238 930 2272 la
950 2250 1144 2273 commune
1157 2238 1202 2273 de
1220 2231 1494 2274 Saint-Evroult
1510 2252 1560 2273 un
1578 2240 1733 2273 hameau
1752 2238 1796 2273 de
1816 2238 1848 2272 la
1866 2238 1944 2272 Blo-

532 2301 642 2340 tibre,
663 2297 752 2332 dans
775 2297 808 2332 le
825 2310 911 2332 noni
930 2297 1065 2345 duquel
1084 2298 1133 2331 M.
1153 2298 1340 2345 Stapleton
1367 2300 1459 2333 croit
1477 2298 1704 2332 reconnaiti‘e
1728 2310 1799 2332 unc
1817 2297 1945 2332 altera-

532 2360 608 2392 tion
629 2358 672 2392 de
690 2357 723 2391 la
742 2357 959 2392 Bercoterie.
982 2357 1081 2391 Nous
1106 2364 1313 2404 regi-ettons
1332 2358 1377 2392 de
1398 2370 1443 2392 ne
1472 2357 1625 2403 pouvoir
1642 2369 1734 2391 nous
1752 2357 1907 2391 associet·
1925 2359 1942 2390 ἐι

531 2424 626 2451 cette
646 2417 870 2458 convicti0n3
891 2417 979 2450 mais
998 2428 1088 2450 nous
1110 2428 1265 2462 pensons
1283 2429 1365 2450 avec
1394 2416 1444 2450 lui
1462 2416 1569 2462 qu’au
1591 2418 1640 2449 xie
1658 2415 1764 2449 siecle
1781 2414 1942 2461 l’enipla-

530 2482 672 2509 cement
701 2474 746 2509 de
764 2474 925 2520 l'abbaye
952 2475 1069 2508 faisait
1097 2475 1212 2520 partie
1231 2474 1281 2508 du
1311 2474 1496 2508 tcrritoire
1513 2473 1557 2507 de
1581 2473 1811 2520 Bocqucnce‚
1833 2480 1869 2507 et
1892 2473 1943 2507 les

531 2535 851 2580 circonscriptions
866 2533 1024 2568 feodales
1047 2546 1091 2567 ne
1113 2546 1203 2568 nous
1221 2535 1423 2580 paraissent
1442 2533 1565 2567 laisser
1584 2544 1703 2567 aucun
1720 2532 1831 2567 doute
1850 2535 1867 2566 a
1887 2540 1941 2567 cet

530 2594 656 2640 (igard.
676 2593 825 2640 L’eglise
842 2593 888 2627 de
907 2593 1120 2640 Bocquence
1138 2600 1192 2628 est
1206 2593 1335 2628 dedice
1354 2596 1371 2627 Ξι
1391 2593 1485 2626 saint
1498 2592 1654 2634 Martin,
1671 2600 1706 2626 et
1725 2592 1749 2626 il
1773 2605 1818 2627 ne
1836 2594 1943 2627 serait

532 2652 720 2698 peut-etse
750 2663 811 2697 pas
837 2651 1066 2697 impossible,
1088 2651 1225 2697 malgre
1244 2652 1275 2686 la
1297 2652 1461 2686 distance
1478 2650 1586 2685 d’une
1606 2650 1719 2693 liene,
1740 2662 1810 2697 que
1832 2663 1872 2685 ce
1899 2663 1942 2685 ne

531 2711 586 2745 siit
603 2710 634 2745 la
649 2710 737 2757 qu*il
756 2710 859 2744 falh'n,
873 2710 993 2756 placer
1007 2704 1470 2757 Saiiit-Martin-Fffiegant,
1488 2711 1513 2744 si
1533 2717 1637 2744 notre
1650 2716 1780 2744 auteur
1794 2723 1838 2744 ne
1854 2710 1942 2744 don-

531 2771 604 2805 uait
625 2783 673 2803 un
692 2769 853 2804 dementi
871 2770 999 2804 sorniel
1015 2773 1032 2804 a
1051 2777 1142 2804 cetto
1164 2771 1311 2816 opinion
1331 2783 1373 2804 cu
1394 2770 1512 2804 disant
1529 2783 1600 2817 quc
1624 2770 1669 2803 do
1692 2782 1755 2803 son
1774 2777 1892 2816 temps
1909 2770 1941 2803 lc

532 2829 714 2863 toi-riioirc
735 2829 779 2862 ou
801 2827 913 2862 dex‘ail
938 2829 1013 2862 Mrc
1032 2829 1145 2862 situcc
1165 2836 1257 2863 cette
1280 2829 1388 2873 eglise
1410 2827 1592 2874 s’appclait
1614 2827 1644 2862 la
1668 2828 1882 2862 Bercoterie.
