2085 3455
589 311 664 349 428
952 314 1197 351 Hls'roRlA
1228 313 1631 353 ECCLESIASTICA.

582 399 861 445 comitatum
880 398 936 445 de
956 400 1235 448 Guarewico
1261 401 1528 463 promeruit
1551 402 1643 463 (ι),
1670 414 1717 448 et
1739 405 1996 470 elegantem

582 474 904 539 Margaritam,
917 476 1149 524 Goisfredi
1162 477 1433 524 Moritoniae
1446 479 1629 525 comitis
1640 479 1784 526 filiam
1796 482 1882 545 (2),
1893 500 1997 531 con-

575 554 738 617 jugem
761 556 940 619 accepit
951 575 963 612 3
997 556 1125 620 cujus
1152 556 1396 619 religionis
1428 567 1474 603 et
1504 555 1758 604 honestatis
1782 561 1901 606 fama
1925 579 1998 609 ce-
2082 559 2085 598 ἵ

582 629 727 677 lehris
760 630 977 689 habetur,
1015 644 1061 679 et
1089 633 1230 696 longe
1253 633 1438 697 lateque
1465 633 1514 679 in
1535 633 1704 681 vicinis
1728 636 1998 700 regionibus
2082 639 2085 660 ¹

583 708 708 753 inter
734 709 998 772 praecipuas
1022 709 1240 755 mulieres
1265 708 1556 774 divulgatur.
1586 711 1697 757 Haec
1724 713 1897 759 marito
1918 730 1998 761 suo
2084 699 2085 712 l

581 785 841 849 Rogerium
871 796 918 832 et
940 786 1240 832 Rodbertum
1266 785 1323 833 de
1348 786 1643 852 Novoburgo
1661 791 1870 853 peperit,
1892 807 1999 855 quo-

583 880 691 908 rum
715 862 979 909 sublimitas
1006 864 1052 909 in
1074 863 1246 928 Anglia
1269 874 1314 909 et
1336 864 1553 911 Neustria
1574 877 1789 931 tempore
1808 868 1997 916 Henrici

580 940 702 1003 regis
726 940 967 1003 praecipue
990 941 1119 986 fulsit
1144 942 1233 1004 (3).
1266 942 1452 988 Praesati
1480 944 1693 990 consules
1718 945 1999 993 Pratellense

581 1018 922 1063 monasterium
944 1019 1051 1082 jure
1080 1018 1376 1074 dilexerunt,
1408 1030 1456 1065 et
1478 1021 1640 1066 multis
1667 1021 1837 1085 opibus
1866 1022 1999 1069 locu-

579 1093 811 1156 pletatum
842 1094 1226 1151 honoraverunt,
1256 1096 1383 1161 quod
1412 1108 1726 1146 antecessores
1756 1116 1923 1146 eorum
1952 1101 1997 1147 in

578 1172 762 1234 optimo
788 1173 894 1220 loeo
917 1191 1067 1238 prope
1092 1185 1288 1238 portum
1312 1176 1456 1221 maris
1474 1176 1546 1240 (4)
1573 1187 1618 1222 et
1641 1177 1843 1224 Pontem
1867 1177 2000 1224 Alde-

579 1251 727 1307 mari,
756 1250 838 1297 ubi
859 1251 1021 1316 rapide
1041 1264 1244 1316 pontum
1268 1253 1419 1299 Risela
1443 1255 1584 1317 petit,
1612 1266 1994 1302 construxerunt.

580 1327 651 1373 lbi
686 1328 907 1376 monachi
942 1329 1000 1376 ad
1036 1329 1223 1376 laudem
1255 1342 1302 1377 et
1334 1332 1515 1377 cultum
1546 1333 1887 1395 omnipotentis
1917 1333 1999 1379 Dei

580 1405 809 1453 divinitus
835 1409 1082 1454 convocati
1107 1420 1241 1466 sunt,
1270 1421 1315 1455 et
1336 1428 1360 1454 a
1385 1409 1615 1474 religiosis
1639 1427 1692 1456 ac
1717 1410 2000 1474 sapientibus

579 1483 847 1548 paedagogis
870 1487 1075 1550 regulari
1101 1486 1349 1550 disciplina
1375 1488 1450 1551 pie
1475 1489 1677 1534 instituti
1704 1499 1813 1535 sunt
1836 1489 1920 1552 (5).

631 1627 682 1673 (1)
702 1628 757 1662 En
780 1628 879 1663 1068.

627 1687 677 1732 (2)
697 1687 943 1733 Maiguerite,
972 1688 1043 1723 fille
1068 1688 1113 1723 de
1138 1689 1321 1733 Geoffroi,
1344 1690 1535 1725 deuxieme
1558 1690 1608 1725 du
1633 1703 1738 1735 nom,
1764 1692 1934 1739 seigneur
1957 1692 2000 1727 de

583 1746 793 1793 Mortagne,
815 1754 851 1781 et
868 1746 914 1781 de
934 1748 1078 1782 Beatrix
1097 1748 1142 1783 de
1160 1748 1293 1784 Rouci.

627 1804 678 1851 (5)
706 1806 825 1841 Outre
854 1806 989 1853 Roger,
1020 1815 1140 1843 comte
1165 1808 1210 1843 de
1235 1809 1443 1852 ¹Nat-wick,
1473 1816 1510 1844 et
1537 1809 1677 1844 Robert
1699 1810 1750 1844 du
1775 1810 1997 1859 Neubourg,

581 1873 676 1901 cette
699 1866 805 1901 dame
831 1874 894 1901 eut
918 1879 1012 1914 pour
1037 1868 1179 1903 enfants
1201 1868 1365 1912 Rotron,
1389 1869 1525 1917 eveque
1545 1861 1742 1914 d⁷Evreux‚
1766 1871 1849 1918 puis
1871 1871 1998 1905 arche-

582 1926 699 1974 veque
725 1926 770 1961 de
796 1927 947 1970 Reuen3
973 1928 1110 1970 chri,
1138 1929 1321 1972 Geoffroi,
1346 1936 1401 1973 et,
1428 1930 1570 1964 suivant
1589 1931 1636 1965 La
1657 1930 1807 1979 Reque,
1835 1943 1906 1966 une
1931 1931 1999 1965 fille

582 1988 752 2021 uommee
772 1987 1009 2033 Marguerite.

628 2048 680 2090 (4)
709 2047 806 2082 C⁷est
834 2047 1112 2094 probablement
1138 2048 1183 2083 de
1212 2048 1394 2083 Honsseur
1418 2061 1491 2096 que
1516 2056 1622 2084 notre
1648 2057 1779 2085 auteur
1805 2057 1890 2085 veut
1915 2063 1997 2098 par-

584 2106 637 2140 ler
654 2106 714 2141 ici.

629 2166 682 2209 (5)
703 2166 818 2200 Notre
836 2174 981 2209 auteur,
999 2179 1043 2201 an
1059 2167 1187 2203 milieu
1201 2168 1246 2202 de
1259 2175 1380 2203 tontes
1394 2180 1448 2203 ses
1461 2167 1702 2215 digressions‚
1723 2181 1742 2203 a
1755 2169 1859 2204 laisse
1876 2170 2001 2204 termi—

584 2237 650 2259 ner
670 2225 811 2260 l’annec
837 2229 941 2273 1094,
965 2239 1045 2261 sans
1068 2227 1189 2274 parler
1206 2227 1269 2263 des
1290 2230 1522 2263 evene-ments
1541 2228 1732 2264 militaires
1751 2229 1841 2264 dont
1857 2229 1890 2264 la
1907 2230 2000 2264 Nor-

584 2284 731 2319 mandie
754 2285 812 2320 fut
830 2285 862 2319 le
882 2286 1043 2329 theatro,
1065 2294 1100 2322 et
1125 2287 1218 2323 dont
1237 2288 1414 2336 quelques
1432 2300 1500 2323 uns
1521 2289 1811 2336 s'accomplirent
1830 2295 2000 2337 pourtant

585 2351 666 2379 tout
683 2345 766 2391 pres
785 2344 830 2379 dc
849 2345 915 2380 lui.
938 2346 1040 2380 Nous
1058 2359 1210 2394 croyons
1231 2347 1356 2382 devoir
1375 2362 1397 2395 y
1417 2348 1587 2395 suppleer
1603 2349 1899 2384 succinetement.
2023 2344 2033 2375 l

629 2404 728 2438 Dans
745 2403 796 2438 les
814 2405 991 2450 premiers
1003 2406 1108 2452 jours
1123 2406 1168 2441 de
1185 2406 1343 2449 l’annee‚
1362 2407 1504 2442 Robert
1516 2409 1643 2443 envoie.
1655 2408 1717 2442 des
1732 2407 2000 2442 ambassadeurs

584 2475 630 2498 en
648 2462 868 2508 Angletcrre
886 2475 980 2509 pour
999 2463 1164 2499 declarer
1180 2467 1199 2500 a
1217 2468 1282 2500 so'n
1298 2466 1394 2501 frere
1410 2466 1618 2514 qu’ennuye
1636 2466 1680 2501 (le
1700 2478 1754 2501 ses
1773 2466 1871 2500 refus
1888 2465 2000 2499 (ἱόΧρ-

583 2529 688 2557 enter
712 2522 745 2556 le
771 2523 879 2557 traite
906 2523 1036 2558 conclu
1062 2532 1177 2575 entre
1194 2538 1284 2569 eux,
1316 2525 1341 2559 il
1369 2539 1411 2560 va
1438 2538 1708 2561 recommencer
1731 2526 1782 2560 les
1808 2524 1997 2560 hostilites.

584 2582 797 2617 Guillauine
817 2595 853 2618 sc
877 2583 986 2626 rend,
1014 2597 1094 2619 vers
1117 2585 1149 2620 le
1176 2593 1220 2619 1er
1243 2586 1387 2628 sevrier,
1410 2588 1428 2620 a
1446 2586 1638 2631 Hastings‚
1664 2598 1758 2632 pour
1779 2586 1813 2619 la
1833 2584 1998 2620 dedicace.

584 2642 630 2677 de
646 2642 808 2689 l'abbaye
827 2643 872 2677 de
890 2643 922 2678 la
939 2644 1108 2687 Bataille3
1126 2645 1208 2692 puis
1225 2657 1326 2692 passe
1343 2645 1376 2679 la
1394 2658 1473 2680 mer
1489 2657 1568 2680 vers
1584 2646 1618 2680 le
1636 2645 1762 2681 milieu
1778 2645 1828 2679 du
1846 2643 1997 2680 cai-eme.

586 2702 650 2736 Les
668 2701 801 2736 bai-ons
821 2703 884 2749 qui
907 2704 1048 2738 avaient
1069 2705 1225 2739 souscrit
1246 2705 1278 2739 le
1303 2706 1428 2746 trane,
1455 2705 1621 2740 donnent
1639 2712 1713 2740 tort
1729 2707 1748 2739 a
1765 2704 1995 2745 Guilkmme,

585 2763 648 2809 qui
666 2774 702 2797 se
725 2763 836 2797 retire
856 2763 929 2798 sort
946 2763 1051 2798 irrite
1075 2767 1094 2799 a
1118 2766 1190 2808 Eu,
1218 2765 1381 2812 pendant
1399 2778 1470 2813 que
1490 2766 1630 2801 Robert
1649 2766 1788 2801 revient
1812 2768 1830 2800 ἐι
1855 2765 1993 2799 Roucn.

588 2823 633 2856 Le
659 2823 732 2864 roi,
763 2835 828 2867 par
856 2835 910 2857 ses
934 2823 1108 2869 largesscs
1135 2832 1171 2859 et
1198 2838 1251 2859 ses
1277 2838 1496 2872 promcsses,
1527 2826 1720 2861 rasscmblc
1744 2826 1931 2871 beaucoup
1954 2823 1996 2857 de

585 2881 729 2923 <oldam
751 2890 785 2917 et,
802 2884 968 2930 'natique
985 2883 1028 2919 (lc
1044 2885 1225 2920 nouvelles
1244 2886 1492 2928 intelligvncvs
1510 2888 1623 2932 parmi
1643 2886 1689 2920 lrs
1708 2886 1891 2928 seignours
1906 2884 1995 2919 Nol*-
