2033 3445
83 258 218 306 [1081]
556 253 708 291 LIBER
735 252 1002 291 SEPTlMth.
1414 256 1481 290 171

84 361 107 388 a
139 342 301 405 priscis
327 338 619 401 temporibus
650 337 834 383 Adrasti
868 348 914 382 et
948 337 1317 401 Agamemnonis
1351 338 1491 385 Grae-

85 421 201 466 ciam
222 416 467 465 invadebat
484 417 503 478 ζ
514 417 569 474 1).
600 415 836 462 Robertus
857 414 1072 461 Gisardus
1093 426 1139 461 et
1159 414 1418 462 Gulielmus
1434 415 1491 463 de

83 493 494 543 Grentesmainillo
509 528 521 549 ,
548 493 720 557 aliique
739 492 1054 556 probatissimi
1075 504 1263 555 tyrones
1277 529 1289 550 ,
1309 494 1390 558 qui
1410 511 1492 539 nu-

83 588 166 634 per
183 571 239 617 de
253 570 468 616 Neustria
487 580 737 627 venerant,
756 568 864 615 huic
882 568 1168 632 expeditioni
1187 569 1383 616 aderant
1397 570 1486 633 (2).

82 647 265 693 Marcus
291 643 620 702 Buamundus,
647 645 715 689 W
719 644 885 691 iscardi
916 644 1038 690 filius
1081 661 1137 690 ex
1168 644 1489 691 Normannica

82 735 246 780 matre,
264 734 443 786 patrem
454 722 666 787 juvabat,
685 733 870 786 partem
886 724 1118 770 exercitus
1137 722 1197 769 ab
1213 723 1403 770 absente
1413 741 1492 787 pa-

83 812 152 847 tre
166 799 365 864 provido
382 800 612 865 regimine
625 799 840 856 ducebat,
863 811 908 846 et
923 801 970 847 in
991 800 1212 847 omnibus
1227 800 1489 864 prudenter

77 894 242 942 agens,
264 878 434 924 suturae
468 879 658 924 virtutis
685 878 922 941 specimen
957 877 1229 942 praestabat.
1259 879 1490 943 Rogerius

77 964 232 1000 autem
259 955 404 1000 frater
427 955 549 1017 erS‚
576 965 894 1018 cognomento
917 955 1088 1011 Bursa,
1117 956 1244 1018 jussu
1269 955 1416 1018 patris
1442 956 1487 1001 in

78 1029 246 1093 Apulia
266 1041 570 1087 remanserat,
591 1040 638 1076 et
654 1030 894 1086 ducatum,
912 1030 998 1076 sibi
1020 1047 1074 1077 ex
1099 1031 1372 1077 haereditate
1389 1049 1490 1076 ma-

77 1108 160 1154 tris
183 1107 420 1165 debitum,
449 1107 758 1155 custodiebat.

140 1185 331 1231 Alexius
351 1186 626 1249 imperator,
650 1184 1058 1248 Dyrachianorum
1080 1186 1272 1248 planctu
1290 1187 1484 1240 excitus,

78 1264 319 1327 ingentem
351 1263 611 1309 exercitum
636 1264 932 1328 aggregavit,
957 1274 1003 1309 et
1028 1262 1295 1310 obsidentes
1318 1263 1486 1310 urbem

76 1357 206 1385 suam
228 1341 440 1386 terrestri
461 1341 706 1404 navalique
730 1341 898 1404 praelio
925 1351 1174 1387 conterere
1199 1342 1382 1405 sategit.
1414 1343 1488 1387 In-

78 1427 200 1464 terea
214 1453 225 1473 ‚
248 1417 362 1463 dum
380 1416 656 1482 Augustales
674 1417 902 1464 veredarii
928 1417 1135 1482 undique
1157 1419 1482 1473 mitterentur,

14 1524 22 1530 -
74 1505 121 1539 et
137 1493 354 1541 cohortes
371 1494 658 1541 bellatorum
679 1494 736 1540 de
758 1495 920 1541 insulis
934 1495 1078 1541 maris
1097 1506 1145 1542 et
1157 1495 1215 1542 de
1234 1495 1484 1560 adjacenti-

118 1674 168 1718 (1)
186 1674 232 1708 Le
249 1674 333 1708 saux
346 1674 502 1717 michel,
526 1676 588 1722 qui
608 1675 733 1710 n’e'tait
753 1675 867 1723 qu'un
889 1677 1011 1710 moine
1029 1677 1178 1710 nonime
1196 1676 1345 1718 Rector,
1363 1675 1485 1711 dresse

73 1735 90 1767 ἐι
108 1745 148 1767 ce
165 1735 316 1781 manege
331 1747 397 1780 par
408 1734 549 1769 Robert
563 1734 759 1778 Guiscard‚
776 1735 832 1770 fut
848 1737 1024 1782 promene
1042 1747 1107 1781 par
1125 1747 1164 1770 ce
1184 1736 1311 1783 prince
1329 1746 1390 1770 sur
1402 1743 1485 1770 tous

72 1792 123 1827 les
146 1794 266 1839 points
293 1793 338 1828 de
362 1794 491 1828 l’Italie
509 1794 759 1828 meridionale.
780 1795 963 1842 Gregoire
984 1794 1059 1830 VII
1076 1795 1193 1842 parait
1213 1796 1312 1829 avoir
1331 1796 1389 1830 ete
1413 1795 1485 1830 lui-

72 1852 190 1887 meme
202 1852 413 1888 reellement
424 1853 521 1900 dupe
535 1853 580 1888 de
595 1860 689 1888 cette
705 1854 920 1900 iniposture,
931 1862 968 1889 et
987 1855 1245 1889 recommauda
1262 1855 1306 1889 de
1325 1861 1407 1889 tout
1420 1867 1483 1889 son

72 1913 225 1957 pouvoir
234 1912 266 1948 le
278 1913 458 1959 pretendi]
467 1913 601 1949 Michel
609 1925 679 1949 aux
690 1915 780 1949 amis
789 1914 833 1949 de
842 1907 999 1962 l’Eglise.
1013 1915 1153 1950 Robert
1165 1917 1277 1961 partit
1287 1915 1337 1950 du
1345 1923 1429 1962 port
1439 1915 1485 1951 de

73 1972 226 2007 Erindes
245 1985 323 2008 vers
340 1973 372 2008 la
386 1974 435 2008 fin
452 1973 497 2009 de
509 1974 594 2020 juin
614 1974 695 2010 1081
710 2002 718 2018 ‚
740 1982 776 2010 et
792 1974 954 2021 pendant
970 1975 1060 2023 qu’il
1072 1975 1270 2022 s‘occupait
1285 1975 1330 2010 de
1348 1976 1382 2010 la
1400 1989 1485 2011 con-

72 2031 181 2079 quete
197 2031 242 2066 de
258 2033 413 2076 Coi-fou,
432 2045 568 2079 envoya
581 2045 626 2068 en
642 2041 748 2068 avant
764 2046 826 2068 sur
842 2033 876 2069 le
893 2035 1086 2069 continent
1104 2034 1150 2068 de
1169 2034 1334 2081 l'empire
1350 2047 1413 2069 son
1430 2034 1484 2069 fils

73 2090 258 2125 Boemond
280 2104 363 2126 avec
387 2092 518 2139 quinze
543 2093 736 2127 vaisseaux.
758 2093 809 2128 Ce
835 2093 892 2128 fut
918 2093 950 2128 le
981 2097 1021 2136 14
1042 2093 1166 2139 juillet
1183 2094 1271 2141 qu’il
1296 2095 1412 2128 arriva
1437 2106 1481 2128 en

72 2150 190 2186 meme
205 2157 322 2197 temps
341 2164 413 2198 que
430 2151 483 2186 lui
507 2152 639 2187 devant
654 2153 817 2188 Durazzo
829 2181 837 2196 ‚
860 2154 963 2200 apres
980 2154 1079 2188 avoir
1092 2155 1218 2200 essuye
1232 2166 1303 2188 une
1323 2154 1482 2201 tempete

71 2210 232 2246 terrible.
251 2211 303 2246 Ce
315 2211 441 2246 n⁷etait
459 2225 520 2258 pas
535 2215 554 2247 a
569 2213 629 2247 dix
640 2241 649 2256 ‚
667 2214 757 2248 mais
771 2215 790 2248 ὲ
807 2213 938 2261 quinze
955 2214 1053 2248 mille
1067 2214 1234 2249 hommes
1248 2226 1319 2261 que
1336 2213 1482 2249 l’armee

73 2270 283 2305 Normande
299 2273 388 2306 etait
402 2272 560 2306 reduite.

115 2330 166 2377 (2)
183 2330 325 2365 Robert
345 2331 489 2366 Giffard
508 2331 597 2367 etait
614 2345 665 2366 un
683 2332 847 2367 membre
870 2332 915 2367 de
939 2333 971 2367 la
994 2333 1129 2368 familie
1153 2333 1297 2369 Giffard
1317 2333 1362 2368 de
1383 2334 1478 2368 Lon-

72 2389 245 2435 gueville‚
269 2391 549 2437 probableinent
572 2393 669 2427 frere
692 2392 737 2427 de
759 2393 916 2428 Gautier
942 2393 1105 2436 Giffard,
1137 2393 1272 2428 second
1292 2393 1342 2428 du
1369 2405 1476 2433 nom,

71 2456 190 2484 comte
209 2450 253 2484 de
273 2451 535 2498 Buckingham‚
556 2459 592 2487 et
610 2464 683 2486 non
705 2465 766 2499 pas
782 2465 830 2486 un
845 2452 956 2498 puine
975 2452 1020 2487 de
1039 2453 1071 2487 la
1091 2453 1225 2488 famille
1245 2453 1290 2488 de
1309 2453 1478 2489 Tillieres

72 2522 118 2544 ou
132 2509 177 2544 de
195 2510 395 2557 Fougeres‚
412 2513 703 2547 conformement
720 2514 737 2546 a
756 2526 803 2546 un
826 2520 922 2547 texte
936 2514 1074 2548 vicieux
1093 2513 1143 2547 du
1158 2514 1417 2548 continuatour
1435 2514 1479 2548 de

71 2569 281 2605 Guillaume
303 2571 347 2605 de
370 2573 573 2619 Jumiflges,
606 2574 716 2620 qu'on
737 2579 864 2607 trouve
884 2572 972 2607 dans
996 2573 1208 2613 Duchesnc,
1229 2573 1324 2607 Hist.
1346 2574 1475 2608 AVot-m.

75 2630 219 2675 Script..
241 2642 275 2677 p.
294 2629 375 2666 312.
396 2632 521 2677 Quant
541 2635 560 2667 a
577 2633 806 2670 Guillaume,
829 2633 961 2667 second
978 2633 1030 2667 fils
1047 2633 1092 2667 cle
1107 2635 1241 2679 Hugue
1261 2633 1306 2667 de
1321 2633 1479 2668 Grente-

72 2689 218 2731 mesnil,
241 2701 331 2725 nous
348 2692 514 2726 n’aurons
529 2705 599 2738 que
619 2699 700 2737 trop
722 2693 909 2727 l‘oecasion
931 2693 1012 2728 (Fen
1033 2693 1151 2739 parler
1169 2700 1201 2727 vl
1219 2693 1264 2727 dc
1280 2693 1310 2727 lc
1331 2693 1476 2727 reduit-v

73 2751 86 2782 ὲι
108 2761 140 2782 <a
161 2749 252 2789 iuste
268 2750 397 2785 valeus:
