2033 3445
85 353 226 403 [1088]
564 348 716 387 LIBER
745 348 990 386 OCTAVUS.
1403 355 1480 392 275

84 454 186 485 nem
211 447 339 481 tuam
368 435 607 500 supplices
632 443 911 498 exposcunt.
938 433 1043 480 Nos
1069 452 1274 499 quoque,
1305 440 1390 500 qui
1417 451 1487 485 te-

84 531 190 562 cum
205 513 436 558 maximis
455 514 503 556 in
512 512 763 576 pert‘culz'S‚
785 512 910 557 sicut
925 528 1035 557 cum
1047 523 1185 576 patre
1204 523 1299 570 tuo,
1316 519 1484 579 persti-

85 592 248 646 timus,
272 605 396 634 nunc
419 587 500 633 tibi
520 586 758 632 humiliter
778 599 1016 645 astamus,
1041 599 1084 634 et
1098 606 1187 653 pro
1207 593 1487 654 compatrio-

85 669 144 715 tis
179 667 350 713 nostris
382 665 562 711 obnixe
594 665 940 730 supplicamus.
991 666 1139 712 Decet
1175 670 1396 714 nimirum
1440 682 1488 715 ut

85 752 205 792 sicut
231 744 420 790 timidos
445 754 488 789 et
518 743 744 789 vecordes
778 744 944 789 vicisti
944 741 1263 806 fortitudine,
1296 747 1368 792 sic
1397 745 1489 792 lzu-

85 821 278 867 miliatis
303 831 346 865 et
369 819 702 884 poenitentibus
725 837 910 885 parcas
939 821 1319 868 mansuetudine.
1347 823 1490 868 Seve-

87 900 270 944 ritatem
298 898 479 961 regiam
507 908 727 959 temperet
750 896 1028 953 clementia,
1061 907 1103 942 et
1131 898 1355 959 gloriosa?
1384 901 1489 945 vir-

87 978 171 1020 tuti
207 974 278 1036 (1)
315 984 409 1019 tuce
449 973 654 1035 sufficiat
685 972 881 1019 celebris
905 974 1143 1019 victoria!
1177 975 1366 1033 David,
1405 994 1491 1022 reoe

87 1069 306 1115 magnus,
329 1051 488 1096 Semei
506 1051 812 1097 maledicenti
831 1069 881 1097 se
891 1054 1119 1115 pepercit,
1138 1064 1182 1098 et
1199 1053 1234 1098 J
1237 1052 1330 1098 oab
1350 1064 1494 1117 atque

86 1129 275 1186 Abisai,
296 1128 511 1192 aliosque
532 1128 799 1184 bellatores,
813 1147 904 1192 pro
926 1128 1207 1175 adversante
1226 1130 1315 1176 sibi
1334 1131 1494 1177 Absa-

89 1208 191 1263 lon,
221 1225 280 1253 ne
293 1208 582 1272 perimerent
606 1224 737 1263 eum,
766 1206 940 1252 obnixe
963 1209 1150 1270 rogavit
1174 1209 1255 1270 2).
1286 1209 1346 1254 In
1370 1209 1494 1255 clivi-

87 1286 160 1331 nis
194 1285 510 1330 voluminibus
539 1283 791 1329 abundant
824 1284 1043 1347 exempla
1075 1284 1434 1348 hujuscemodi,
1463 1305 1494 1332 a

87 1362 253 1427 quibus·
277 1380 366 1407 non
391 1361 636 1426 discrepat
653 1379 816 1424 sagace
832 1373 974 1425 poeta
997 1364 1044 1407 in
1071 1361 1232 1408 libello
1253 1363 1312 1408 de
1334 1365 1496 1409 sllira—

89 1439 260 1486 bilibus
287 1439 488 1485 mundi:

228 1564 380 1598 Parcere
399 1564 588 1609 prostratis
609 1562 654 1596 sit
672 1562 804 1597 nobilis
823 1563 874 1596 ira
894 1562 1027 1597 leonis!

226 1623 285 1657 Tu
302 1634 448 1670 quoque
466 1622 519 1656 sac
539 1621 674 1664 simile,
697 1621 863 1669 quisquis
881 1620 1080 1655 dominaris
1099 1622 1135 1655 in
1155 1621 1259 1656 orbe!

150 1737 261 1784 Haec
287 1737 348 1782 ita
379 1734 645 1782 dicentibus
670 1734 960 1781 Guillermus
985 1752 1069 1782 rex
1094 1735 1158 1782 ait
1184 1755 1194 1781 :
1224 1738 1405 1783 Fateor
1424 1755 1498 1784 me

87 1813 266 1860 ‘viribus
296 1814 467 1858 vestris
499 1813 652 1857 hostes
686 1829 1017 1876 expugnasse,
1057 1823 1099 1857 el
1130 1830 1221 1875 per
1254 1813 1499 1860 auxilium

89 1891 178 1936 Dei
206 1908 311 1936 cum
343 1889 507 1934 labore
537 1900 686 1934 vestro
713 1899 965 1952 gratanter
991 1888 1199 1953 trophceo
1227 1891 1496 1954 appropin-

89 1985 272 2032 quasse.
308 1968 490 2012 Verum
521 1977 652 2012 tanto
693 1969 883 2011 cautius
909 1983 1181 2028 praecavere
1222 1967 1399 2013 debetis
1439 1986 1498 2014 ne

89 2063 161 2092 me
182 2044 402 2111 precibus
429 2047 593 2090 vestris
621 2061 650 2089 a
678 2046 835 2107 rigore
865 2044 1163 2090 rectitudinis
1194 2044 1382 2091 deviare
1409 2062 1495 2091 co-

86 2125 231 2187 gatis.
264 2123 495 2186 Quisquis
511 2123 677 2187 parcit
686 2122 896 2186 perjuris
919 2133 962 2167 et
987 2121 1279 2180 latronibus,
1299 2123 1496 2187 plagia-

90 2202 173 2248 riis
197 2212 239 2247 et
263 2203 499 2248 execratis
522 2199 873 2264 proditoribus,
903 2199 1060 2262 aufert
1079 2218 1258 2265 pacem
1285 2211 1328 2246 et
1356 2204 1494 2262 quie-

91 2289 177 2324 tem
217 2277 572 2334 innocentibus>
620 2278 990 2341 innumerasque
1029 2278 1187 2324 credes
1229 2291 1271 2324 et
1311 2278 1495 2325 damna

89 2358 198 2403 serit
234 2357 367 2402 bonis
404 2367 447 2401 et
482 2355 756 2401 inermibus.
801 2355 938 2419 Quid
974 2356 1215 2402 sceleratis
1250 2356 1494 2421 peccavi?

91 2433 209 2497 quid
226 2433 321 2479 illis
340 2433 484 2478 nocui
494 2431 520 2477 ,9
539 2432 659 2495 quid
674 2442 862 2477 mortem
883 2449 1036 2477 meam
1059 2435 1164 2478 totis
1184 2432 1366 2478 nisibus
1380 2450 1495 2498 pro-

89 2521 393 2566 curaverunt,
423 2520 465 2554 et
487 2526 643 2554 omnes
654 2527 744 2574 pro
757 2526 898 2573 posse
916 2526 1002 2555 suo
1022 2521 1189 2556 contra
1207 2510 1494 2576 mepopulos

90 2605 191 2634 cum
215 2588 491 2634 detrimento
512 2587 765 2633 multorum
789 2587 1072 2633 erexerunt?
1095 2589 1271 2635 Omnia.
1291 2607 1382 2635 sua
1402 2589 1494 2635 illis

138 2791 187 2835 (ι)
206 2790 301 2826 Alias
324 2807 328 2810 -
350 2797 383 2824 et
404 2791 531 2835 glorioe
547 2792 706 2824 virtutis.

138 2850 185 2893 (α)
208 2850 295 2894 Rpg.
321 2861 362 2890 ιι,
390 2861 445 2895 ¹9
468 2850 574 2883 0218⁴
