2085 3455
600 325 680 364 422
969 324 1211 363 HISTORIA
1242 323 1646 363 ECCLESIASTICA.
1868 329 2005 381 [1095]

599 411 740 458 nibus
771 428 824 458 ac
856 410 1152 458 detrimentis
1181 410 1508 457 ecclesiasticas
1536 412 1844 474 possessiones
1875 414 2005 462 valde

600 489 901 555 aggravabat.
945 489 1080 536 Unde
1120 487 1413 535 venerandus
1452 489 1586 535 Serlo
1625 490 1865 553 episcopus
1902 507 2007 538 eum

600 568 1049 624 excommunicavit,
1089 577 1135 612 et
1169 565 1429 630 pontificali
1462 566 1621 630 rigore
1652 576 1801 613 totam
1834 577 2008 616 terram

599 646 695 710 ejus
728 644 1000 703 interdixit3
1035 661 1095 690 ne
1125 643 1341 690 divinum
1365 642 1542 690 ibidem
1566 644 1772 691 officium
1802 644 2008 692 celebra-

599 733 751 780 retur,
764 739 851 768 nec
865 731 1168 768 mortuorum
1179 738 1381 784 corpora
1402 720 1731 767 humarentur.
1746 720 2010 770 Rodbertus

600 811 782 858 autem,
810 799 891 863 qui
915 816 1004 862 pro
1026 798 1200 845 duritia
1218 800 1325 863 jure
1347 800 1617 845 Talavacius
1643 800 1713 863 (ι)
1737 798 2006 860 vocabatur,

600 876 845 923 induratus
862 886 916 921 ut
933 875 1138 933 Pharao,
1159 875 1510 939 pontificalibus
1526 876 1674 940 plagis
1693 877 1788 923 sive
1805 894 2011 941 unguen-

600 957 659 1002 tis
687 973 786 1003 non
811 955 1168 1013 emolliebatur3
1196 954 1275 1001 sed
1298 953 1356 1000 ad
1379 972 1521 1001 omne
1549 956 1675 1001 nefas
1699 955 1909 1020 quotidie
1930 955 2012 1003 de-
2076 970 2077 975 ’

600 1032 881 1079 testabiliter
902 1031 1312 1097 augmentabatur.
1336 1033 1462 1095 Ipse,
1493 1032 1612 1078 sicut
1630 1033 1821 1089 Ismael,
1848 1043 2010 1079 contra

600 1127 766 1159 omnes
787 1111 970 1157 vicinos
991 1127 1158 1156 manus
1180 1120 1380 1156 armatas
1403 1110 1628 1156 atrociter
1647 1109 1880 1174 erigebat,
1904 1127 2010 1157 mo-

601 1186 776 1234 nachos
809 1197 856 1234 et
886 1187 1083 1234 clericos
1121 1197 1168 1233 et
1200 1187 1382 1233 inerme
1411 1186 1581 1250 vulgus
1607 1203 1726 1232 saeva
1766 1184 2011 1248 tyrannide
2074 1214 2076 1220 ·

600 1263 836 1321 terrebat,
870 1274 917 1309 et
939 1262 1123 1310 damnis
1151 1263 1543 1327 contumeliisque
1574 1263 1847 1328 frequenter
1876 1263 2012 1309 illatis

601 1341 936 1389 miserabiliter
970 1340 1221 1406 affligebat.
1262 1339 1578 1404 Temporibus
1615 1340 1706 1386 illis
1742 1339 2013 1404 principalis

604 1437 800 1467 censura
825 1436 966 1483 super
989 1420 1125 1466 illum
1147 1419 1407 1483 praevalere
1431 1417 1683 1483 nequibat,
1706 1434 1845 1482 quem
1864 1434 2013 1464 saecu-
2072 1446 2074 1453 ι

605 1498 716 1544 laris
739 1498 950 1562 potentia
980 1497 1179 1544 nimium
1206 1496 1485 1553 extollebat,
1514 1506 1561 1542 et
1582 1496 1820 1543 malorum
1844 1495 2015 1541 imma·
2071 1494 2074 1515 ‘

604 1577 727 1622 nitas
770 1593 964 1622 morum
997 1574 1348 1622 intolerabilem
1386 1573 1722 1631 familiaribus,
1763 1573 1924 1620 amicis
1971 1583 2015 1619 et
2071 1585 2073 1619 ἵ

606 1653 857 1700 clientibus
890 1653 1104 1700 faciebat.
1137 1653 1363 1700 Homines
1390 1653 1658 1716 privatione
1684 1652 1936 1699 oculorum
1970 1661 2015 1697 et
2070 1656 2073 1707 ζ

605 1731 928 1794 amputatione
957 1730 1132 1794 pedum
1154 1747 1441 1776 manuumve
1466 1729 1730 1776 deformare
1758 1729 2016 1792 parvipen-
2070 1736 2072 1774 ἶ

605 1807 772 1866 debat,
799 1807 878 1854 sed
908 1806 1231 1854 inauditorum
1257 1807 1655 1853 commentatione
1678 1807 2017 1870 suppliciorum
2069 1800 2071 1849 i

606 1887 655 1933 in
668 1883 944 1951 torquendis
954 1885 1156 1941 miseris,
1172 1901 1306 1930 more
1317 1884 1460 1930 Siculi
1472 1883 1696 1939 Phalaris,
1710 1882 2013 1948 tripudiabat.
2069 1922 2071 1926 .

606 1961 733 2023 Quos
753 1962 801 2008 in
825 1977 1013 2008 carcere
1035 1977 1126 2025 pro
1149 1970 1284 2007 reatu
1306 1960 1466 2024 aliquo
1491 1960 1776 2024 stringebat,
1805 1960 2013 2017 Nerone,
2068 1991 2070 1998 ι

606 2056 687 2087 seu
704 2039 874 2096 Decio,
898 2039 972 2085 vel
989 2039 1287 2086 Diocletiano
1309 2038 1496 2095 saevior,
1517 2037 1826 2085 indicibiliter
1849 2038 2017 2084 crucia·
2068 2071 2070 2076 -

605 2115 718 2173 bat,
753 2126 800 2163 et
838 2114 947 2162 inde
975 2117 1106 2180 jocos
1141 2134 1249 2162 cum
1284 2116 1496 2178 parasitis
1532 2115 1649 2174 suis,
1686 2127 1733 2162 et
1769 2115 2016 2163 cachinnos

600 2192 912 2259 jactabundus
951 2193 1217 2240 exercebat.
1263 2194 1661 2250 Tormentorum,
1706 2210 1811 2258 quae
1853 2192 2016 2238 vinctis
2066 2206 2067 2212 ¹

607 2272 860 2330 inserebat,
893 2271 1204 2319 delectatione
1234 2271 1546 2336 gloriabatur,
1575 2271 1917 2335 hominumque
1939 2269 2017 2315 de·
2066 2292 2067 2300 ¹

607 2350 840 2396 tractione
864 2366 954 2413 pro
978 2366 1234 2413 poenarum
1259 2350 1500 2395 nimietate
1525 2348 1726 2395 crudelis
1750 2348 2012 2403 laetabatur,
2064 2402 2065 2405 Ἴ

607 2428 848 2492 magisque
882 2427 1128 2474 affectabat
1163 2427 1389 2490 supplicia
1426 2427 1607 2472 miseris
1644 2426 1844 2481 inferre,
1881 2441 2016 2489 quam
2064 2480 2065 2484 Ἰ

605 2521 693 2569 per
721 2503 1101 2568 redemptionem
1130 2505 1427 2567 captivorum
1455 2503 1676 2567 pecunias
1699 2519 1887 2566 augere.
1913 2501 2016 2546 Ple-

607 2600 811 2648 rumque
831 2582 889 2630 de
913 2584 1114 2630 vinculis
1139 2585 1251 2647 ejus,
1277 2583 1532 2628 auxiliante
1550 2582 1667 2639 Deo,
1696 2581 1833 2626 multi
1862 2594 2017 2626 evase-
2062 2633 2063 2638 ¹

654 2774 704 2821 (1)
726 2774 777 2809 Ce
799 2774 987 2821 sobriquet
1006 2774 1099 2809 avait
1117 2776 1175 2809 ete
1195 2774 1317 2808 donne
1333 2776 1352 2807 ἐι
1375 2785 1439 2807 son
1458 2773 1568 2809 aieul.
1597 2776 1615 2807 ἐι
1637 2786 1741 2808 cause
1761 2773 1804 2807 de
1823 2768 2015 2806 Phabitude

606 2833 696 2881 qn'il
716 2834 808 2868 avait
827 2833 871 2868 (lc
890 2840 1015 2880 portei-
1035 2847 1083 2867 un
1107 2833 1269 2867 bouclier
1290 2834 1378 2867 ainsi
1400 2845 1557 2867 ηοῐηῑην.
