2033 3445
103 253 225 300 [mmo
251 251 370 300 1098]
621 249 774 289 LIBER
803 250 985 288 NONUS.
1435 256 1510 291 571

100 354 281 394 comes,
302 337 350 383 in
373 336 634 383 Jerusalem
652 354 849 402 peregre
863 339 1100 402 perrexit,
1119 350 1165 385 et
1183 339 1510 397 Milesendam,

98 414 289 461 secundi
312 412 532 460 Balduini
567 413 741 472 filiam,
770 416 816 461 in
852 415 1100 479 conjugem
1134 434 1240 463 cum
1263 433 1413 481 regno
1446 435 1518 464 ac-

98 491 223 555 cepit
248 491 338 554 (1).

161 569 271 614 XII.
299 569 496 633 [1098.]
523 568 686 615 Mense
701 569 849 633 julio,
874 579 982 633 post
1006 580 1217 633 optatam
1241 571 1512 629 victoriam,

97 658 143 693 et
164 647 342 693 virtute
361 657 548 693 nactam
572 647 619 692 in
644 647 792 710 gratia
809 647 894 692 Dei
919 645 1222 694 Antiochiam
1237 684 1250 705 ,
1273 647 1515 693 christiani

95 724 235 771 duces
256 724 305 770 in
324 741 476 770 unum
497 735 851 781 convenerunt,
874 735 920 771 et
939 726 1182 771 communi
1202 725 1399 772 consilio
1421 726 1516 770 Hu-

97 818 271 866 gonem
295 803 524 866 Magnum
549 801 606 847 ad
637 801 858 848 Alexium
885 802 1220 866 imperatorem
1246 801 1518 849 Constanti-

96 879 314 943 nopolim
333 878 636 935 direxerunt,
657 890 710 925 ut
729 878 786 925 ad
806 878 976 926 urbem
998 879 1314 943 recipiendam
1331 916 1343 937 ‚
1373 896 1516 944 quam

97 956 382 1003 calamitosis
401 955 697 1020 passionibus
720 957 759 1003 ei
781 955 1122 1021 adquisierant,
1146 957 1412 1013 festinaret,
1436 957 1518 1002 eis-

96 1051 188 1099 que
223 1035 445 1081 similiter
465 1036 645 1099 juratas
668 1035 908 1098 pactiones
937 1035 1137 1081 illibatas
1175 1045 1476 1082 conservaret
1502 1054 1512 1079 ε

96 1113 297 1170 scilicet,
321 1123 374 1158 ut
395 1114 491 1176 ipse
507 1130 663 1160 eomes
683 1114 935 1160 irremotus
952 1114 998 1159 in
1016 1114 1278 1159 Jerusalem
1296 1131 1404 1160 cum
1423 1113 1515 1158 illis

95 1190 295 1236 veniret.
316 1191 454 1254 Hugo
473 1191 674 1254 Magnus
692 1189 879 1254 hujusce
897 1191 1144 1254 legationis
1163 1190 1316 1236 officio
1329 1190 1516 1235 functus

100 1268 202 1313 ivit.
228 1266 317 1313 Sed
342 1268 452 1314 licet
476 1268 521 1314 in
558 1269 654 1331 ipsa
686 1267 986 1331 expeditione
1011 1268 1160 1313 multa
1193 1285 1339 1313 manu
1362 1267 1517 1313 consi-

98 1345 257 1409 lioque
276 1346 492 1410 gnaviter
513 1346 775 1410 peregerit,
801 1345 864 1391 ibi
890 1357 1045 1393 tamen
1068 1345 1276 1391 multum
1295 1344 1512 1408 deliquit,

97 1422 179 1468 ubi
212 1421 269 1468 ad
300 1424 492 1481 fratres,
530 1423 649 1469 sieut
672 1423 956 1486 promiserat
982 1434 1027 1469 et
1048 1422 1301 1479 debuerat,
1331 1421 1513 1468 corvini

96 1501 281 1563 generis
306 1501 484 1564 legatus
510 1502 604 1564 (2),
636 1512 797 1564 postea
821 1518 920 1547 non
940 1500 1128 1546 redivit.

161 1577 438 1624 Discedente
458 1579 682 1642 Hugone,
711 1578 851 1625 duces
872 1578 1128 1625 concilium
1151 1577 1512 1633 ordinaverunt,

97 1665 143 1701 et
177 1654 235 1701 de
265 1654 576 1701 conducendo
611 1656 657 1701 in
685 1656 946 1701 Jerusalem
969 1654 1148 1718 populo
1171 1655 1256 1700 Dei
1284 1653 1514 1700 consiliati

98 1743 219 1779 sunt.
238 1733 477 1779 Dixerunt
499 1734 645 1797 igitur
662 1733 902 1797 :Populus
921 1735 1023 1790 iste,
1045 1735 1130 1795 qui
1147 1733 1515 1796 mulluspassus

99 1823 165 1857 est
190 1811 520 1869 calamitates,
548 1823 597 1857 ut
620 1812 890 1875 sepulerum
911 1811 1115 1856 Domini
1137 1811 1232 1855 Dei
1254 1814 1328 1855 sui
1354 1809 1515 1855 videre

94 1900 440 1953 promereatur,
475 1890 587 1954 jam
628 1889 789 1935 multis
816 1886 1066 1952 fatigatus
1115 1886 1413 1950 infortuniis,
1453 1886 1515 1931 de

99 1967 420 2014 accelerando
439 1969 604 2013 itinere
621 1967 792 2031 palam
809 1967 1132 2030 conqueritur,
1157 1976 1201 2010 ec
1217 1982 1304 2010 nos
1326 1964 1509 2020 itidem,

98 2045 246 2091 multo
271 2046 435 2109 affecti
460 2045 622 2102 tceclio,
649 2045 996 2108 conquerimur.
1026 2043 1376 2090 provideamus·
1402 2057 1514 2103 ergo

99 2124 217 2188 ipsis
237 2123 373 2186 quod
397 2125 559 2187 magis
585 2123 697 2169 utile
715 2124 792 2169 sit.
820 2121 999 2168 ssNullus
1025 2122 1216 2168 ulterius
1234 2137 1391 2166 moras
1410 2136 1513 2164 cen-

97 2218 258 2247 semus
281 2201 614 2259 innectendas,
626 2210 807 2267 preeler
822 2218 941 2265 quas
964 2198 1250 2245 inevitabilis
1273 2213 1513 2262 opposue-

100 2280 158 2322 rit
179 2279 456 2325 necessitas.
483 2278 583 2324 Sed
606 2289 763 2324 tumen
785 2276 981 2340 singula
1005 2294 1101 2322 non
1126 2278 1400 2339 impetuose,
1427 2273 1515 2319 sed

146 2456 380 2504 (1)Foulque
404 2455 586 2501 d’Anjou,
614 2454 821 2501 cinqnieme
846 2453 896 2487 du
921 2465 1005 2487 nom
1021 2480 1030 2495 ,
1059 2452 1114 2486 dit
1139 2452 1172 2485 le
1194 2453 1327 2490 Jeune,
1352 2450 1443 2484 mari
1468 2449 1512 2483 ‹le

99 2515 319 2557 melisende,
344 2516 416 2550 fille
435 2515 479 2550 de
500 2514 691 2549 Baudouin
710 2514 760 2547 du
779 2514 918 2559 Bourg,
938 2512 994 2546 sut
1014 2513 1199 2546 couronnc'·
1220 2511 1273 2545 roi
1302 2510 1346 2544 (le
1367 2511 1511 2544 Jerusa-

101 2575 170 2609 lem
193 2575 224 2609 lc
248 2578 289 2617 14
309 2576 516 2622 septembre
539 2574 636 2609 1151.
660 2573 689 2607 Il
709 2573 802 2607 avait
823 2573 956 2618 epousc
976 2584 1021 2606 cn
1040 2572 1237 2618 premieres
1258 2580 1364 2604 noces
1383 2560 1511 2602 Eromu

100 2634 237 2681 burge,
256 2642 433 2670 comtesse
452 2635 502 2670 (lu
522 2636 626 2669 Mans
647 2635 675 2679 (1
689 2647 700 2667 1
713 2645 789 2667 10-1
802 2631 899 2676 126).

146 2696 197 2740 (2)
212 2695 380 2730 Allusion
396 2708 441 2730 au
458 2695 616 2730 corbeau
631 2693 676 2728 de
692 2692 836 2726 l’arclie.
857 2692 1008 2726 Suivant
1028 2691 1143 2725 Raoul
1160 2691 1205 2725 dc
1222 2691 1317 2726 Cacu
1329 2716 1337 2732 ,
1359 2688 1508 2734 Hugue,

100 2755 216 2791 blessc
233 2758 251 2789 ἐι
271 2755 302 2789 la
323 2757 439 2790 euissc
452 2784 460 2797 ‚
482 2754 589 2790 ser-ait
610 2753 676 2787 alle
695 2753 711 2786 a
733 2752 845 2786 Tarso
864 2763 955 2797 pour
976 2751 1024 2797 ἐν
1044 2751 1205 2786 retablir.
