2033 3445
117 230 389 280 [1115-1116]
623 224 772 265 LIBER
801 226 1006 265 SEXTUS.
1437 231 1508 268 1⁶27

116 315 287 361 multas
305 332 415 361 vero
433 314 595 360 illatas
614 312 709 358 sibi
723 313 826 357 siue
846 314 1009 358 merito
1028 313 1361 371 contumelias,
1386 316 1512 361 velut

115 391 390 437 Susannam
397 388 840 453 praejudicaverunt
852 391 1023 452 ipsum,
1046 405 1156 434 cum
1173 390 1304 434 omni
1318 393 1510 438 omnino

104 468 405 532 possessione
425 465 602 511 ditioni
631 466 755 528 regis
785 464 1086 511 tradendum.
1118 466 1235 511 Post
1258 466 1353 512 tale
1366 467 1510 531 judi-

110 545 261 599 cium,
292 559 399 588 cum
426 559 515 588 sua
549 540 745 586 reddere
774 552 1039 605 cogeretur,
1072 559 1182 605 quce
1213 545 1258 587 ιή
1282 556 1508 608 prcmzptu

110 630 242 665 erant
266 618 508 674 reddidit,·
535 618 752 664 absentia
781 618 860 664 ubi
884 629 1062 675 essent,
1090 631 1132 664 et
1155 623 1236 683 qui
1258 632 1409 666 essent
1433 621 1510 666 de-

110 697 279 742 bitores
307 696 549 742 indicavit.
580 695 681 741 Sed
703 713 806 741 eum
826 695 972 760 plura
999 696 1220 754 reddere,
1252 709 1296 743 et
1318 699 1508 762 majora

107 772 321 818 indicare
334 772 699 835 compelleretur,
715 772 927 835 Anglica
943 771 1111 835 lingua
1127 791 1137 817 :
1154 773 1276 819 That
1294 785 1388 820 wat
1405 775 1504 820 min

109 848 257 894 lauert
287 847 425 912 godel
457 846 626 893 mihtin
663 847 761 893 that
799 849 839 894 ic
870 865 975 912 sege
1006 848 1134 905 soth,
1171 850 1502 915 respondebat.

112 926 254 989 Quod
292 943 378 972 nos
415 926 575 971 Latini
613 925 817 971 dicimus
851 944 862 970 :
901 925 966 971 Mi
1003 926 1220 984 domine,
1263 928 1349 973 scit
1385 928 1506 974 Deus

103 1003 401 1065 omnipotens
430 1003 537 1066 quia
572 1003 817 1049 veritatem
851 1002 975 1050 dico.
1003 1004 1115 1050 Hoc
1147 1005 1290 1051 verbo
1327 1009 1504 1071 scepius

102 1081 320 1144 repetito,
347 1079 470 1125 nihil
486 1079 625 1126 aliud
642 1080 844 1126 dleebut.
869 1080 1145 1144 Propalatis
1164 1081 1378 1127 omnibus
1398 1099 1504 1146 quce

103 1155 327 1212 habebut,
350 1156 859 1219 afferunturreliquioe.
883 1156 978 1219 Qui
993 1174 1099 1202 cum
1110 1160 1276 1221 jurare
1291 1158 1499 1215 deberet,

102 1233 230 1279 dixit
263 1237 401 1280 uxori
430 1251 533 1279 suce
568 1253 578 1279 .·
615 1235 762 1280 Soror
797 1250 927 1290 mea,
972 1250 1057 1296 per
1097 1234 1212 1280 illud
1253 1234 1380 1299 quod
1418 1253 1501 1282 nos

101 1311 317 1374 astringit
335 1311 576 1356 vinculum
592 1310 854 1365 charitatis,
877 1321 922 1356 te
939 1310 1129 1374 adjuro,
1157 1329 1216 1358 ne
1240 1329 1315 1358 me
1338 1314 1499 1376 perju-

100 1386 224 1432 rium
249 1387 489 1433 ineurrere
515 1387 720 1449 patiaris.
751 1387 859 1432 Plus
883 1387 1010 1432 enim
1037 1387 1207 1433 animae
1236 1388 1498 1450 periculum

96 1480 237 1527 quam
268 1464 483 1526 corporis
510 1463 740 1509 cruciatus
765 1479 1034 1526 expavesco.
1066 1463 1111 1508 Si
1145 1463 1291 1527 igitur
1322 1464 1497 1529 aliquid

93 1539 263 1586 residui
295 1550 370 1585 tua
407 1539 489 1585 tibi
528 1540 809 1586 conscientia
845 1539 1161 1593 demonstrat,
1204 1541 1248 1586 in
1289 1541 1496 1588 medium

92 1617 305 1679 proferre
328 1633 425 1663 non
454 1616 659 1663 differas.
691 1617 798 1663 Plus
823 1617 948 1663 enim
975 1617 1189 1663 inimicus
1212 1628 1374 1664 noster
1396 1620 1495 1682 spi-

90 1694 270 1740 ritualis
293 1695 556 1740 animarum
578 1692 950 1750 damnationem,
976 1709 1117 1757 quam
1141 1695 1292 1740 carnis
1316 1695 1494 1742 lacera—

91 1771 269 1817 tionem
303 1770 550 1817 desiderat.
594 1771 679 1816 Ad
713 1788 848 1834 quem
888 1771 972 1816 illa
1005 1790 1015 1815 :
1048 1771 1275 1827 Domine,
1312 1774 1489 1836 inquit,

90 1859 264 1910 praeter
297 1847 494 1894 indicata
527 1848 594 1893 nil
629 1847 828 1893 omnino
858 1847 945 1893 nisi
980 1865 1058 1894 xv1
1093 1847 1267 1895 solidos
1298 1860 1343 1895 et
1375 1848 1491 1896 duos

91 1935 271 1971 tantum
291 1925 476 1981 anulos,
505 1941 552 1971 1v
569 1923 784 1971 denarios
803 1924 1140 1988 appendentes,
1169 1924 1333 1972 habeo.
1363 1927 1491 1991 Qui-

90 2002 177 2048 bus
187 2005 234 2047 in
244 2003 506 2066 proesentia
518 2001 735 2065 prolatis,
755 2003 924 2064 virago
939 2002 1191 2067 subjunxi!
1214 2021 1224 2048 .·
1244 2004 1489 2050 Carissimo

89 2080 318 2143 conjunx,
348 2079 490 2126 modo
514 2080 617 2142 jura
651 2096 838 2125 securus
850 2099 863 2137 ;
892 2096 978 2143 ego
1013 2090 1169 2143 postea
1204 2080 1488 2127 confirmans

87 2173 187 2202 mea
223 2167 335 2203 teste
372 2157 652 2203 conscientia
689 2168 732 2203 te
771 2174 931 2203 verum
962 2158 1161 2221 jurasse,
1194 2157 1316 2204 nuda
1344 2176 1486 2205 manu

84 2232 261 2279 serrum
281 2232 507 2290 calidum,
531 2234 566 2279 si
580 2233 791 2297 jusseris,
816 2251 972 2280 coram
993 2233 1211 2280 omnihus
1227 2235 1306 2299 qui
1327 2233 1486 2281 videre

86 2311 344 2367 voluerint,
375 2310 591 2374 portabo.
628 2311 764 2375 Quid
786 2311 1198 2376 multaPJ‘uruvit,
1227 2330 1288 2358 ac
1311 2313 1487 2359 deinde

84 2387 170 2432 sub
198 2388 414 2435 custodia
446 2389 645 2452 ligatus,
682 2407 739 2434 ac
771 2388 1071 2435 Lundoniczm
1107 2390 1299 2445 ductus,
1338 2389 1405 2435 ibi
1435 2391 1483 2435 in

85 2481 319 2511 carcerem
339 2465 586 2512 obscurum
605 2466 878 2512 retruditur.
899 2466 1065 2531 Ibique
1082 2467 1283 2513 vinculis
1281 2467 1483 2530 ferreis,

81 2540 192 2603 plus
216 2558 360 2604 quam
382 2543 499 2588 sutis
517 2543 829 2606 ponderosis,
847 2540 1045 2606 sortiter
1080 2554 1123 2590 et
1153 2545 1481 2591 contumeliose

85 2619 388 2675 constrictus,
430 2618 580 2675 sumis
619 2630 660 2664 el
679 2619 885 2681 frigoris
926 2620 1209 2666 cruciatibus
1246 2620 1479 2667 diuturnis
