2085 3455
594 377 673 416 470
961 379 1206 418 HISTORIA
1236 379 1639 418 ECCLESIASTICA.
1739 384 1859 430 [FEBR.
1883 385 2001 433 1096]

593 465 899 512 comitantur.
925 466 1114 512 Decima
1134 465 1209 512 die
1227 467 1400 512 mensis
1425 465 1648 512 februarii
1672 466 1853 530 eclipsis
1877 467 2002 514 lunae

591 560 615 588 a
633 541 786 590 media
808 554 948 590 nocte
973 560 1118 608 usque
1137 543 1193 589 ad
1216 561 1438 590 auroram
1458 545 1575 591 sacta
1596 555 1687 601 est,
1714 556 1761 590 et
1783 543 2004 591 obscuri-

592 630 659 665 tas
687 620 736 666 in
755 620 864 666 luna
886 638 911 666 a
935 631 1068 684 parte
1093 619 1272 666 boreali
1294 631 1457 667 exorta
1477 632 1545 667 est
1566 622 1652 682 (1).

657 698 738 743 111.
765 697 867 744 Odo
902 699 1144 761 episcopus
1179 699 1466 762 Bajocensis,
1510 698 1798 744 Gislebertus
1826 697 2006 745 Ehroi-

589 776 737 822 censis
770 786 817 821 et
850 776 985 821 Serlo
1021 775 1274 839 Sagiensis‚
1314 777 1450 840 legati
1489 793 1680 841 qnoque
1723 777 1926 822 aliorum
1950 775 2006 821 de

589 852 884 898 Normannia
904 852 1185 915 praesulum,
1215 871 1324 899 cum
1347 855 1649 901 excusatoriis
1668 852 1899 917 apicibus,
1922 853 2009 898 Ar-

590 930 809 976 vernensi
841 930 1045 976 concilio
1070 930 1412 987 interfuerunt,
1439 942 1485 977 et
1511 931 1618 978 inde
1652 949 1759 978 cum
1782 930 2008 978 benedic-

590 1008 720 1054 tione
753 1007 1011 1071 apostolica
1047 1008 1270 1072 regressi,
1313 1008 1555 1071 synodales
1602 1009 1819 1072 epistolas
1853 1009 2011 1072 coepi-

589 1084 742 1148 scopis
759 1085 852 1131 suis
869 1083 1160 1131 detulerunt.
1175 1085 1457 1132 Guillelmus
1474 1086 1617 1150 igitur
1634 1085 2010 1150 archiepiscopus

590 1163 845 1210 concilium
856 1163 1107 1227 Rotomagi
1120 1165 1410 1228 aggregavit,
1426 1175 1472 1210 et
1484 1182 1590 1211 cum
1603 1164 1907 1228 suffraganeis
1917 1164 2010 1227 epi·

589 1241 741 1304 scopis
765 1240 822 1287 de
846 1240 1129 1287 utilitatibus
1154 1242 1477 1288 ecclesiasticis
1501 1243 1735 1288 tractavit.
1763 1242 1898 1287 Tunc
1916 1258 2010 1287 om-

589 1335 671 1365 nes
694 1335 853 1365 mense
875 1317 1116 1365 februario
1138 1318 1397 1365 Rotomum
1424 1328 1777 1375 convenerunt,
1808 1317 2009 1381 capitula

589 1394 779 1458 synodi,
807 1414 914 1460 quae
936 1396 1059 1460 apud
1079 1396 1490 1442 clarummontem
1514 1397 1631 1442 sacta
1659 1406 1755 1452 est,
1782 1395 2012 1441 unanimi-

590 1484 664 1520 ter
679 1474 984 1537 contemplati
997 1484 1108 1520 sunt
1121 1475 1192 1538 (2)
1206 1493 1218 1531 3
1239 1474 1360 1520 Scita
1373 1472 1828 1539 quoqueapostolica
1843 1471 2012 1518 confir-

591 1561 862 1607 maverunt,
884 1563 931 1598 et
948 1550 1214 1615 hujusmodi
1233 1552 1462 1615 scriptum
1481 1552 1679 1614 posteris
1701 1550 2006 1596 dimiserunt:

661 1646 706 1676 1.
735 1629 917 1675 Statuit
950 1629 1163 1693 synodus
1200 1640 1396 1687 sanctu,
1426 1642 1476 1674 ut
1511 1630 1656 1674 trevia
1692 1629 1785 1673 Dei
1803 1627 2016 1691 firmiter

593 1706 914 1764 custodiatur,
935 1724 968 1752 α
989 1706 1231 1752 dominica
1250 1706 1331 1751 die
1349 1717 1461 1751 ante
1477 1706 1816 1770 caputjejunii
1825 1742 1840 1762 ,
1866 1721 2013 1767 usque

594 1783 664 1830 ad
685 1782 1143 1846 seeundamjeriam
1167 1785 1344 1829 oriente
1365 1783 1465 1830 sole
1480 1794 1592 1848 post
1615 1795 1808 1829 octavas
1832 1783 2012 1828 Pente-

595 1871 773 1918 costes,
800 1871 844 1906 et
866 1878 898 1906 α
929 1871 1105 1924 quarta
1114 1858 1256 1924 feria
1280 1870 1391 1905 ante
1412 1858 1684 1905 Adventum
1705 1858 1905 1905 Domini
1930 1875 2013 1904 oc-

595 1939 781 1986 cidente
798 1938 898 1985 sole
924 1956 1074 2002 usque
1096 1939 1168 1984 ad
1186 1949 1381 1985 octavas
1399 1939 1450 1985 E
1448 1938 1705 2002 piplzam'oe
1716 1958 1735 1992 ,·
1754 1947 1798 1982 et
1813 1953 1901 2001 per
1916 1953 2015 1982 om-

593 2035 678 2064 nes
701 2016 1035 2064 hebdomadas
1062 2018 1205 2074 anni,
1235 2034 1266 2062 a
1296 2026 1471 2080 quarta
1482 2013 1625 2078 feria
1648 2014 1896 2061 occidente
1918 2013 2013 2060 sole

597 2113 746 2160 usque
766 2094 836 2142 ad
858 2093 1317 2157 secundamseriam
1336 2095 1522 2141 oriente
1541 2093 1644 2140 sole
1666 2092 1738 2154 (3)
1752 2128 1765 2149 ,
1785 2103 1828 2137 et
1848 2093 1896 2137 in
1916 2108 2013 2137 om-

595 2171 734 2218 nibus
749 2168 903 2234 festis
937 2170 1133 2217 Sanctae
1165 2171 1346 2217 [Πανία]
1375 2181 1418 2216 et
1452 2169 1636 2234 vigiliis
1667 2186 1858 2225 eorum,
1890 2179 1935 2213 et
1963 2170 2013 2213 in

644 2355 695 2397 (1)
720 2351 824 2388 Cette
844 2350 978 2398 eclipse
999 2358 1062 2385 eut
1083 2351 1158 2386 lieu
1182 2351 1271 2385 dans
1292 2350 1326 2385 la
1349 2350 1431 2385 nuit
1453 2349 1503 2384 du
1528 2362 1568 2384 10
1591 2362 1637 2383 au
1662 2362 1695 2383 11
1719 2348 1864 2391 fevi-ier,
1884 2349 1903 2382 ὲ
1923 2348 2013 2382 trois

596 2412 730 2447 heures
746 2417 783 2445 et
801 2409 922 2445 demie
940 2409 990 2444 du
1011 2411 1140 2445 matin.

643 2473 696 2515 (2)
714 2470 766 2505 Ce
782 2476 860 2504 mot
876 2476 932 2504 est
948 2470 1024 2516 pris
1040 2470 1088 2504 ici
1108 2469 1198 2504 dans
1214 2469 1248 2504 le
1267 2481 1348 2504 sens
1366 2469 1411 2503 de
1430 2468 1576 2515 deferre
1595 2484 1603 2501 .·
1623 2468 1722 2502 avoir
1740 2466 1865 2514 egard.

643 2528 694 2574 (3)
713 2529 864 2576 D’apres
883 2541 923 2563 ce
943 2540 1079 2572 canon,
1102 2529 1127 2563 il
1146 2541 1192 2563 ne
1212 2529 1321 2564 serait
1341 2530 1437 2563 reste
1454 2540 1529 2575 que
1542 2527 1593 2562 les
1611 2529 1703 2562 trois
1719 2526 1896 2573 premiers
1909 2526 2011 2572 jours

597 2590 643 2625 de
659 2590 692 2624 la
712 2590 873 2624 semaine
892 2588 1053 2635 pendant
1071 2589 1227 2637 lesquels
1243 2589 1277 2623 la
1293 2600 1426 2634 guerre
1439 2588 1496 2623 fut
1510 2588 1678 2634 permise.
1695 2587 1826 2622 C’etait
1838 2584 2011 2620 accorder

595 2657 681 2696 trop
701 2661 773 2696 peu
796 2651 815 2683 a
837 2648 977 2695 l’esprit
996 2649 1170 2684 militaire
1190 2649 1236 2682 de
1256 2647 1425 2695 l'epoque
1446 2663 1452 2681 :
1474 2646 1589 2690 aussi,
1614 2658 1708 2693 pour
1727 2646 1826 2680 avoir
1842 2651 1926 2691 trop
1946 2643 2011 2678 de·

596 2707 748 2752 mande,
780 2707 1011 2742 n'obtint-on
1035 2708 1128 2743 rien.
1156 2708 1300 2753 Voyez,
1323 2719 1386 2741 sur
1405 2706 1438 2740 la
1462 2705 1560 2740 treve
1579 2706 1624 2740 de
1644 2705 1737 2739 Dieu
1755 2717 1801 2739 en
1829 2704 2010 2739 Norman-

596 2769 675 2812 die,
696 2775 801 2803 notre
818 2774 903 2802 note
923 2767 1097 2802 ci-dessus
1116 2769 1161 2813 (t.
1184 2767 1239 2811 II,
1262 2780 1297 2814 p.
1321 2765 1422 2811 316).
1445 2766 1542 2800 Dans
1560 2765 1593 2800 le
1611 2765 1813 2799 manusc-rit
1827 2763 1872 2798 de
1889 2763 2009 2797 Saint-

597 2821 766 2871 Evroult‚
787 2827 820 2862 le
838 2833 915 2861 mot
932 2833 1061 2862 octava
1086 2834 1140 2862 est
1156 2833 1423 2861 constaminent
1441 2826 1531 2860 ecrit
1551 2825 1698 2867 octaba,
1719 2836 1791 2858 non
1813 2822 2009 2857 seulement

597 2888 665 2929 ici,
686 2887 774 2921 mais
793 2898 838 2921 au
856 2885 996 2921 concile
1017 2885 1061 2920 de
1082 2885 1283 2921 Clermont.
