2033 3445
83 278 209 324 [Jumo
232 275 350 324 1098]
607 274 760 312 LIBER
788 274 969 312 NONUS.
1416 278 1493 318 547

144 360 377 406 Dominus
409 361 542 406 Jesus
575 359 761 407 cuidam
794 360 1050 420 sacerdoti,
1075 361 1188 410 dum
1227 365 1273 410 in
1305 364 1491 412 basilica

81 439 263 484 Sanctae
291 439 459 484 Mariae
496 448 822 501 pernoctaret,
849 449 895 483 et
926 456 1016 502 pro
1040 440 1205 486 afflicta
1240 442 1324 488 Dei
1359 442 1496 505 plebe

81 526 264 573 oraret,
292 516 564 579 semisopito
591 533 696 561 cum
722 515 1006 562 Sanctorum
1033 528 1163 563 coetu
1185 520 1428 582 apparuit,
1450 532 1497 567 et

79 592 137 639 de
177 591 596 650 fornicationibus,
639 591 811 656 quibus
865 592 1245 641 Christianorum
1295 608 1495 645 catervae

80 688 185 717 cum
201 670 492 734 alienigenis,
515 686 594 715 seu
610 668 923 727 Christicolis,
948 672 1280 719 meretricibus
1298 675 1494 736 pollutae

79 759 239 805 erant,
266 747 509 812 querelam
536 745 854 811 deprompsit,
882 765 1161 813 asperasque
1184 751 1336 797 minas
1359 752 1497 815 lupa-

79 826 209 872 nanti
234 823 529 870 multitudini
554 823 738 888 adjecit.
768 825 968 871 Interim
999 826 1241 890 splendida
1266 845 1382 874 crux
1415 847 1496 876 su-

77 920 164 968 per
186 913 326 966 caput
348 904 444 967 ejus
467 903 759 965 resplenduit
774 940 786 960 ,
812 920 903 968 qua
924 903 1172 967 presbyter
1199 905 1496 970 Redempto-

76 997 178 1027 rem
205 979 370 1026 mundi
395 979 612 1044 agnovit,
639 990 684 1026 et
706 979 875 1026 devote
900 999 1080 1044 pronus
1099 981 1332 1028 adoravit.
1359 985 1495 1030 Tunc

75 1057 209 1103 beata
233 1057 406 1113 Maria,
433 1056 772 1103 misericordiae
796 1067 967 1114 mater,
995 1069 1274 1122 sanctusque
1299 1060 1490 1116 Petrus,

74 1134 400 1197 apostolorum
436 1134 680 1197 princeps,
718 1132 992 1180 ceciderunt
1032 1134 1089 1180 ad
1124 1134 1264 1199 pedes
1298 1136 1492 1183 Domini

73 1211 352 1266 Salvatoris,
379 1210 561 1274 piisque
581 1227 670 1273 pro
698 1211 951 1257 afflictione
977 1210 1356 1258 Christianorum
1377 1230 1493 1276 sup—

71 1287 429 1350 plicationibus,
477 1287 762 1351 mitigabant
803 1288 920 1333 iram
959 1289 1246 1346 minimum,
1279 1306 1492 1354 conque-

72 1376 229 1412 rentes
257 1364 313 1411 de
342 1365 561 1429 paganis,
592 1366 673 1430 qui
705 1375 912 1412 sanctam
944 1365 1142 1414 domum
1172 1367 1256 1413 Dei
1282 1368 1373 1413 suis
1396 1378 1493 1413 tur-

71 1445 195 1507 piter
247 1445 599 1490 maculaverant
657 1444 911 1507 spurcitiis.
966 1445 1132 1490 Finitis
1184 1446 1491 1509 supplicantis

71 1523 236 1568 Matris
266 1533 312 1568 et
341 1522 540 1585 apostoli
578 1521 828 1584 predium,
865 1523 1061 1572 Sanctus
1093 1523 1374 1569 Sanctorum
1402 1523 1489 1570 ad-

70 1600 276 1664 quievit,
312 1600 540 1663 vultuque
568 1598 841 1663 jocundior,
877 1599 1154 1662 presbytero
1182 1602 1410 1664 praecepit
1440 1612 1491 1648 ut

69 1694 262 1724 omnem
298 1678 527 1740 populum
563 1677 719 1740 palam
760 1678 1034 1741 castigaret,
1066 1696 1118 1724 ac
1153 1677 1210 1724 ad
1241 1679 1491 1741 poeniten·-

70 1755 184 1800 tiam
213 1753 503 1800 omnimodis
546 1753 793 1806 invitaret,
834 1764 880 1798 et
918 1753 1122 1799 fideliter
1153 1755 1392 1799 conversis
1433 1771 1488 1800 ex

68 1843 201 1896 parte
241 1833 324 1878 Dei
373 1848 563 1877 securus
599 1831 904 1892 promitteret.
945 1830 1072 1893 quod
1119 1831 1237 1876 infra
1277 1832 1488 1895 quinque

68 1911 164 1957 dies
187 1920 514 1973 opportunum
540 1908 629 1953 illis
652 1907 879 1953 auxilium
906 1909 1029 1953 Deus
1054 1907 1345 1971 provideret.
1375 1910 1488 1955 Haec

70 1988 315 2053 presbyter
337 2005 440 2033 cun]
455 1985 764 2051 jurejurando
784 2002 924 2049 super
944 1997 1157 2031 sunctum
1172 1986 1487 2050 Evangelium

69 2077 116 2112 et
144 2082 332 2112 crucem
353 2080 514 2110 coram
542 2062 772 2109 Podiense
790 2063 1012 2126 episcopo
1036 2074 1082 2109 et
1104 2064 1235 2109 omni
1260 2063 1486 2108 multitu-

70 2143 179 2189 dine
203 2151 487 2189 contestatus
510 2151 596 2187 est.
624 2140 830 2203 Populus
863 2139 1107 2186 confestim
1138 2139 1195 2185 ad
1227 2140 1486 2186 lamentum

72 2220 386 2274 convertitur,
423 2230 468 2264 et
499 2218 556 2264 de
586 2228 740 2263 reatus
773 2219 840 2262 sui
871 2218 1161 2264 confessione
1192 2218 1308 2264 alius
1342 2218 1486 2263 alium

71 2296 366 2344 cohortatur.
392 2294 563 2341 Sul'fnsi
585 2311 668 2340 ora
692 2292 904 2350 fletibus,
928 2294 1147 2340 cineratis
1183 2294 1414 2356 capitibus
1441 2305 1488 2340 et

71 2375 209 2422 nudis
234 2374 454 2438 pedibus,
491 2390 654 2419 omnes
692 2373 738 2418 in
765 2372 968 2418 ecclesiis
994 2373 1161 2435 passim
1195 2384 1358 2427 orant,
1386 2372 1487 2419 Do-

71 2453 189 2498 mini
230 2462 400 2515 petunt
432 2450 660 2496 auxilium
699 2460 746 2495 et
777 2459 948 2513 rogant
982 2450 1249 2495 consilium.
1285 2450 1487 2494 Jurave--

72 2541 186 2576 runt
226 2546 391 2577 omnes
432 2529 570 2575 (luces
612 2527 852 2574 communi
890 2526 1082 2573 decreto
1130 2526 1258 2590 quod
1300 2527 1483 2581 nullus,

73 2607 228 2672 quoad
245 2607 435 2664 vixerit,
458 2605 515 2652 de
536 2606 618 2652 illo
634 2604 981 2668 subterfugeret
998 2604 1216 2668 collegio,
1239 2603 1389 2651 donec
1406 2604 1487 2649 Je—

74 2685 275 2731 rusalem
292 2683 495 2730 adissent
508 2719 520 2739 ,
545 2693 591 2728 et
610 2681 879 2745 sepulcrum
896 2681 1085 2727 Domini
1102 2680 1353 2727 deosculati
1373 2680 1488 2725 suis-

76 2771 193 2807 sent.
228 2760 499 2807 Tancretlns
532 2761 667 2806 ctiam
697 2759 870 2821 juravit
904 2759 1030 2822 quod
1060 2758 1285 2822 quamdiu
1311 2775 1367 2803 xi,
1394 2758 1488 2803 mi·-
