2033 3445
49 359 188 409 [1088]
535 354 691 392 LIBER
721 353 970 391 OCTAN'US.
1201 375 1209 382 μ
1386 356 1465 394 <293

50 445 247 494 dormis.
280 442 517 488 Inaudita
534 439 775 505 facinora
790 439 1081 504 frequenter
1102 440 1248 486 audis
1278 452 1322 486 et
1343 460 1469 504 par-

53 520 284 588 vipendis.
312 519 433 567 AVon
466 520 537 565 sic
570 519 669 582 egit
702 529 901 565 sanctus
933 517 1125 573 David,
1152 534 1240 563 nec
1261 535 1470 582 magnus

49 596 350 647 Alexander.
397 595 511 643 Non
564 597 636 642 sic
681 595 841 642 Julius
889 596 1076 653 Ccesar,
1130 612 1218 641 nec
1271 594 1474 643 Severus

50 674 171 741 Afer
212 676 230 738 ζ
239 674 302 737 1).
349 673 461 721 Non
500 674 572 720 sic
612 666 874 720 Hannibal
919 672 1345 736 Cartlzaginensis,
1386 690 1474 721 nec

52 752 219 818 Scipio
235 748 528 814 Africanus,
550 768 638 797 nec
666 752 821 812 Cyrus
837 751 1019 809 Persa,
1049 768 1137 797 nec
1162 751 1356 797 [Uarius
1378 752 1476 798 Ro-

49 848 235 878 manus.
265 829 406 893 Quid
422 847 584 876 moror
600 830 650 875 in
668 829 897 876 relatione
913 829 1246 887 barbarorum,
1266 829 1473 875 obscura

50 925 249 974 quorum.
281 909 425 954 etiam
459 909 657 954 nomina
690 907 772 953 tibi
795 917 907 953 sunt
933 906 1221 972 incognita?
1243 907 1473 972 Replice-

48 1005 149 1034 mus
165 987 380 1043 notiora,
408 996 452 1031 et
476 987 708 1050 sanguini
731 998 892 1033 nostro
911 987 1285 1051 propinquiora.
1314 986 1473 1032 Remi-

49 1066 229 1111 niscere
255 1074 448 1127 patrum
482 1074 526 1109 et
554 1080 872 1128 proavorum,
900 1081 1106 1128 quorum
1139 1064 1473 1127 magnanimi-

50 1151 192 1188 talem
211 1142 485 1186 etvirtuteln
501 1144 749 1206 pertimuit
765 1140 997 1187 bellicosa
1010 1159 1127 1203 gens
1145 1143 1467 1187 Francorum.

47 1219 215 1266 Rollon
222 1237 292 1265 em
304 1218 436 1277 dico,
451 1230 495 1265 et
511 1219 587 1264 Gu
594 1219 741 1265 illelm
749 1237 827 1265 um
839 1219 1308 1285 Longam-Spatam,
1327 1230 1472 1284 atque

50 1309 137 1345 tres
156 1297 460 1355 Rz'clzatdos,
488 1308 533 1344 et
558 1296 856 1343 Rodbertum
882 1315 1023 1344 avum
1047 1309 1177 1343 tuum
1191 1336 1204 1356 ,
1229 1308 1472 1363 postremo

54 1373 363 1420 Guillelmum
382 1386 572 1440 patrem
597 1386 729 1420 tuum
738 1412 754 1432 ,
784 1377 968 1421 cunctis
988 1374 1365 1421 antecessoribus
1388 1392 1474 1420 su·-

51 1451 330 1498 blinziorem-.
366 1452 574 1507 Horam,
607 1470 791 1516 quceso,
818 1455 1023 1515 rigorem
1049 1452 1278 1499 [emulare
1309 1464 1352 1499 et
1381 1452 1474 1516 effi-

52 1535 240 1577 caciam
256 1567 272 1588 ,
317 1532 443 1576 sicut
490 1530 567 1575 illi
604 1531 1020 1596 praedecessorum
1058 1548 1252 1576 suoram
1301 1533 1476 1577 sectati

51 1623 160 1658 sunt
191 1614 408 1675 vigorem
440 1623 483 1657 et
519 1612 835 1669 industriam,
872 1613 958 1676 qui
995 1630 1145 1674 regna
1185 1613 1358 1658 mundi
1385 1630 1477 1678 per

53 1692 305 1737 immensos
341 1689 529 1736 labores
568 1689 896 1748 obtinuerunt,
923 1700 1159 1752 tyrannos
1192 1707 1476 1755 compresse-

53 1779 183 1825 runt,
211 1780 254 1814 et
275 1785 430 1813 sawas
457 1779 625 1832 gentes
655 1769 986 1815 edomuerunt.
1024 1769 1405 1833 Expetgiscere,
1432 1779 1476 1814 et

54 1847 276 1893 invictum
309 1864 528 1910 aggrega
563 1850 823 1893 exercitum
857 1846 1203 1903 Abi-mannia),
1233 1857 1277 1891 et
1308 1849 1358 1891 in
1389 1864 1476 1891 ur-

58 1924 154 1971 bem
185 1925 598 1970 Cenomannicam
621 1924 942 1989 proficiscere.
973 1924 1047 1969 Ibi
1069 1934 1180 1969 sunt
1207 1924 1475 1988 municipes

58 2006 121 2049 tui
143 2005 192 2048 in
210 2020 345 2061 arce,
373 2020 520 2066 quam
541 2013 688 2067 pater
705 2013 813 2047 tuus
833 2001 1078 2058 condidit,
1101 2012 1145 2047 et
1163 2012 1263 2047 tota
1284 2001 1470 2060 civitas,

57 2098 161 2128 cunz
177 2080 450 2127 venerabili
470 2081 521 2125 H
524 2080 600 2125 oel
603 2080 645 2126 lo
660 2081 901 2145 episeopo,
928 2079 1017 2125 tibi
1027 2090 1283 2143 gratanter
1298 2078 1471 2125 obedit.

58 2159 175 2206 Jube
198 2170 247 2205 ut
279 2159 394 2205 illuc
424 2177 587 2205 omnes
632 2158 1099 2205 Cenomannensium
1125 2174 1350 2222 proceres
1383 2174 1475 2204 ve·-

56 2238 190 2283 niant
225 2237 296 2282 acl
333 2247 402 2293 te,
445 2247 488 2282 et
523 2235 961 2283 obsecundantibus
1001 2236 1123 2281 [cetis
1162 2234 1395 2298 affatibus
1432 2245 1476 2279 et

55 2313 269 2361 benivola
293 2326 445 2360 mente
470 2314 828 2377 congratulare.
857 2315 1214 2360 Contemnentes
1235 2330 1348 2360 vero
1368 2330 1476 2359 cum

54 2394 225 2439 virtute
250 2393 452 2439 militari
475 2393 765 2458 aggredere,
789 2403 833 2438 et
858 2393 1146 2438 munitiones
1172 2409 1330 2437 eorum
1344 2430 1358 2449 ,
1386 2394 1477 2437 nisi

56 2474 144 2518 cito
163 2471 438 2519 dediderint
454 2490 530 2530 se,
542 2473 766 2538 protinus
785 2471 969 2518 obside.
998 2470 1477 2517 Cenomamzensibus

56 2549 351 2615 subjugatis,
400 2551 665 2615 Rogerium
708 2550 931 2595 comitem
973 2548 1043 2611 (2)
1089 2547 1382 2613 aggredere,
1432 2557 1477 2594 et

58 2627 208 2690 ipsum
238 2646 345 2674 cum
366 2629 602 2693 progenie
621 2646 711 2673 sua
731 2626 984 2691 definibus
1013 2624 1477 2687 lVormanm'oesun-

102 2809 151 2854 (1)
171 2810 332 2856 Septimo
355 2812 498 2845 ὃεΪτνέ-ῚῈ.

107 2868 153 2914 (2)
175 2869 296 2916 Roget*
315 2870 359 2903 dv
378 2871 685 2917 Montgmnmvru
711 2878 828 2904 (ronne
847 2870 890 2904 «lv
909 2870 1029 2904 Sin-(ru
1041 2869 1163 2903 sburv.
