2085 3455
635 290 713 329 284
1000 290 1243 328 HISTORIA
1274 289 1674 327 ECCLESIASTICA.

633 377 804 422 simum
827 376 1067 422 castellum
1086 375 1312 423 condidit.
1332 377 1421 422 Per
1437 392 1496 423 xv
1515 393 1662 423 annos
1680 377 2037 428 intolerabiliter

633 453 854 498 Britones
877 452 1128 515 protrivit,
1157 463 1203 498 et
1224 452 1338 499 fines
1364 469 1552 508 eorum,
1577 453 1656 516 qui
1676 453 1872 515 pristina
1890 453 2037 501 liber-

635 540 728 576 tate
761 541 1022 585 tumentes,
1058 529 1178 576 nihil
1203 531 1401 577 omnino
1428 529 1716 576 Normannis
1747 529 2035 591 debuerunt,

637 609 822 653 invasit.
856 609 945 654 Per
981 608 1117 653 silvas
1150 619 1194 653 et
1228 607 1417 672 paludes
1457 618 1503 653 et
1542 624 1628 671 per
1656 606 1826 653 arduos
1861 620 2040 657 montes

636 697 901 748 persecutus
921 684 1075 731 hostes
1094 686 1254 731 multis
1280 684 1429 732 modis
1449 684 1737 748 profligavit.
1761 684 1882 731 Nam
1900 702 2040 749 quos-

635 760 741 806 dam
777 762 990 807 cominus
1022 771 1073 806 ut
1112 761 1308 823 pecudes
1346 762 1664 807 irreverenter
1692 760 1890 818 occidit,
1931 762 2039 809 alios

634 854 747 883 vero
781 837 956 883 diutius
983 838 1185 884 vinculis
1207 839 1518 901 mancipavit,
1545 848 1624 884 aut
1648 837 1870 884 indebitae
1895 840 2040 885 servi—

634 915 719 959 tuti
743 916 967 961 atrociter
992 914 1274 979 subjugavit.
1305 915 1597 962 Christicolae
1624 933 1721 962 non
1747 916 1858 962 licet
1880 916 2041 964 fratres

630 1009 735 1038 suos
775 994 839 1039 sic
875 994 1171 1056 opprimere,
1196 994 1276 1057 qui
1314 994 1359 1038 in
1389 992 1478 1040 fide
1511 993 1682 1039 Christi
1721 1009 1852 1039 sacro
1893 995 2038 1040 renati

634 1080 744 1115 sunt
766 1069 1061 1132 baptismate.

696 1147 925 1210 Superbia
952 1158 999 1194 et
1021 1146 1269 1211 cupiditas,
1302 1165 1408 1212 quae
1429 1164 1514 1211 per
1541 1159 1692 1195 totum
1717 1146 1882 1194 orbem
1906 1164 2040 1194 mor-

635 1225 796 1271 talium
820 1225 1061 1288 possident
1080 1236 1270 1288 pectora
1285 1262 1300 1284 ,
1322 1225 1620 1273 Rodbertum
1639 1225 1924 1272 marchisum
1946 1225 2042 1272 abs-

631 1319 723 1367 que
745 1302 889 1350 modo
923 1303 980 1349 ad
1011 1302 1193 1367 praedas
1224 1303 1555 1361 stimulabant,
1583 1314 1629 1350 et
1657 1303 1933 1359 homicidia,
1959 1320 2041 1367 per

633 1397 739 1444 quae
790 1380 909 1426 idem
962 1383 1008 1427 in
1054 1381 1347 1428 horrendum
1393 1382 1711 1444 praecipitium
1750 1398 1930 1428 mersus
1977 1393 2042 1428 est

633 1469 809 1521 postea.
825 1458 947 1504 Nam
961 1459 1104 1505 tertio
1118 1458 1192 1505 die
1206 1460 1311 1523 julii
1327 1459 1631 1516 Grithfridus,
1646 1476 1727 1505 rex
1743 1459 2038 1515 (himnorum,

634 1553 743 1581 cum
779 1535 932 1582 tribus
968 1536 1165 1582 navibus
1200 1537 1286 1582 sul)
1322 1548 1562 1593 montem,
1603 1537 1683 1601 qui
1715 1536 1889 1583 dicitur
1920 1537 2042 1583 Hor-

634 1611 829 1657 maheva
870 1613 966 1675 (ι),
1003 1612 1154 1658 littori
1187 1613 1406 1676 appulsus
1445 1624 1539 1669 est,
1567 1623 1613 1658 et
1644 1630 1753 1659 mox
1784 1613 2039 1675 piratarum

633 1690 865 1735 exercitus
892 1690 1019 1753 quasi
1047 1690 1143 1752 lupi
1172 1707 1359 1752 rapaces
1388 1689 1445 1735 ad
1477 1688 1853 1752 depopulandam
1886 1689 2043 1753 regio-

634 1783 744 1812 nem
769 1766 962 1812 diffusus
992 1778 1075 1813 est.
1104 1768 1303 1814 Interim
1336 1784 1464 1813 mare
1494 1767 1662 1814 fluctus
1692 1785 1796 1814 suos
1820 1768 2039 1823 retraxit,

634 1855 679 1890 et
702 1845 749 1890 in
777 1845 900 1891 sicco
931 1845 1093 1891 littore
1118 1846 1270 1891 classis
1294 1847 1556 1908 piratarum
1578 1846 1722 1891 stetit.
1760 1844 2044 1892 Grithfridus

634 1932 789 1967 autem
827 1939 935 1967 cum
967 1923 1058 1967 suis
1094 1939 1180 1985 per
1210 1922 1447 1967 maritima
1481 1921 1727 1979 discurrit,
1759 1921 1972 1968 homines
2000 1932 2043 1968 et

634 2009 843 2044 armenta
866 1999 1040 2061 rapuit,
1057 2016 1109 2044 ac
1128 1999 1183 2044 ad
1203 2016 1341 2044 naves
1359 1999 1605 2044 exsiccatas
1623 1999 1787 2044 festine
1806 1998 2040 2045 remeavit.

700 2078 882 2122 Interea
900 2077 1081 2122 clamor
1095 2077 1225 2139 vulgi
1244 2076 1560 2133 Rodbertum,
1577 2075 1773 2122 meridie
1790 2075 2045 2122 dormitan-

636 2226 751 2258 chure
774 2224 818 2258 de
837 2224 868 2258 la
887 2224 1058 2269 Conway.
1081 2224 1132 2258 Ce
1152 2224 1305 2258 cliziteau
1324 2225 1399 2270 prit
1418 2224 1498 2258 leur
1516 2236 1621 2268 nom,
1641 2226 1836 2271 emprunte
1853 2223 2040 2271 probable—

636 2289 736 2317 ment
759 2284 777 2316 a
802 2282 833 2316 la
855 2283 986 2316 riviere
1009 2283 1072 2329 qui
1094 2282 1196 2316 coule
1217 2285 1234 2316 a
1253 2282 1333 2317 leur
1356 2282 1441 2329 picd
1459 2299 1464 2316 z
1485 2284 1667 2317 Dmmwr.
1693 2283 1760 2318 Les
1778 2282 2040 2330 chroniqueurs

633 2353 678 2374 cn
698 2347 762 2374 ont
778 2340 1005 2387 quelquefois
1029 2340 1095 2374 fait
1115 2341 1259 2375 GAsxoc
1272 2369 1279 2383 ,
1305 2354 1368 2387 par
1386 2341 1418 2375 le
1438 2342 1733 2376 retranchement
1750 2341 1795 2375 de
1815 2341 1848 2375 la
1865 2342 2040 2388 premiere

635 2399 768 2444 svllabe
786 2406 822 2434 et
839 2412 912 2434 une
929 2399 1050 2446 legere
1071 2400 1262 2434 alteration
1281 2400 1325 2434 de
1342 2400 1375 2434 la
1393 2400 1599 2435 desinence.
1623 2400 1926 2447 L'emplacement
1942 2399 1986 2434 de
2003 2411 2040 2433 ce

635 2460 788 2493 «th-‹iteau
802 2459 866 2493 fait
881 2459 1115 2504 aujourd’hui
1130 2461 1245 2506 partie
1261 2460 1305 2494 de
1321 2460 1353 2493 la
1368 2461 1525 2506 paroisse
1542 2460 1866 2507 d'ligglwys-Rhos
1879 2460 2041 2504 (ecclesia

636 2519 773 2563 Ii’llos).

682 2579 732 2625 (ι)
760 2579 808 2612 Le
827 2585 931 2612 mont
950 2579 1183 2614 Horinalieva
1209 2579 1376 2626 s'appelle
1399 2579 1631 2625 aujourd'hui
1666 2580 1779 2614 (ἔν-επὶ
1808 2580 1914 2614 Omns
1936 2577 2042 2613 Head

635 2652 680 2672 011
710 2639 951 2674 Llandludno
977 2640 1108 2686 (eglise
1136 2640 1181 2674 de
1209 2640 1494 2685 Saint-Ludno).
1517 2640 1622 2674 Cette
1649 2640 1806 2686 paroisse
1829 2646 1880 2674 est
1907 2639 2035 2679 simae,

636 2700 724 2733 ainsi
744 2712 815 2746 que
835 2699 866 2733 la
886 2700 1122 2745 precedente.
1146 2700 1234 2734 dans
1258 2700 1290 2734 le
1315 2707 1435 2734 coniot
1460 2699 1504 2733 (le
1529 2700 1718 2746 Crenthyn
1738 2706 1773 2734 et
1792 2699 1824 2733 le
1843 2697 1983 2733 cantref
1997 2696 2037 2729 dc

636 2759 734 2792 Rhos
760 2759 1117 2802 (Carnawonshirc).
1142 2760 1188 2792 Le
1215 2759 1328 2804 grand
1354 2758 1502 2793 chateau
1527 2758 1571 2792 de
1596 2759 1772 2803 Conway,
1793 2759 1886 2791 sitne
1903 2769 1947 2790 en
1967 2756 2038 2789 sacr

635 2830 695 2850 sur
716 2817 744 2850 la
766 2817 840 2850 rivo
859 2817 1082 2850 occidentale
1101 2817 1144 2850 dv
1163 2817 1191 2850 la
1216 2820 1391 2861 (Tonwav,
1418 2831 1461 2850 nr
1484 2818 1532 2850 lm
1556 2818 1734 2851 construit
1753 2817 1857 2863 qu³cn
1883 2816 1978 2856 1284.
