<?xml version="1.0" encoding="UTF-8"?>
<!DOCTYPE html PUBLIC "-//W3C//DTD XHTML 1.0 Transitional//EN"
    "http://www.w3.org/TR/xhtml1/DTD/xhtml1-transitional.dtd">
<html xmlns="http://www.w3.org/1999/xhtml" xml:lang="en" lang="en">
 <head>
  <title>
</title>
<meta http-equiv="Content-Type" content="text/html;charset=utf-8" />
  <meta name='ocr-system' content='tesseract 3.04.00' />
  <meta name='ocr-capabilities' content='ocr_page ocr_carea ocr_par ocr_line ocrx_word'/>
</head>
<body>
  <div class='ocr_page' id='page_1' title='image "./ordericivitalish03ordeuoft/ordericivitalish03ordeuoft_0269.png"; bbox 0 0 2033 3445; ppageno 0'>
   <div class='ocr_carea' id='block_1_1' title="bbox 43 325 1440 382">
    <p class='ocr_par' dir='ltr' id='par_1_1' title="bbox 43 325 1440 382">
     <span class='ocr_line' id='line_1_1' title="bbox 43 325 1440 382; baseline -0.002 -12"><span class='ocrx_word' id='word_1_1' title='bbox 43 333 178 382; x_wconf 87' lang='lat'>[1087]</span> <span class='ocrx_word' id='word_1_2' title='bbox 512 327 665 365; x_wconf 74' lang='lat' dir='ltr'>LJBER</span> <span class='ocrx_word' id='word_1_3' title='bbox 693 325 962 364; x_wconf 77' lang='lat' dir='ltr'><strong>SEPTIMUS.</strong></span> <span class='ocrx_word' id='word_1_4' title='bbox 1367 332 1440 367; x_wconf 75' lang='lat'>211</span> 
     </span>
    </p>
   </div>
   <div class='ocr_carea' id='block_1_2' title="bbox 41 412 1458 2031">
    <p class='ocr_par' dir='ltr' id='par_1_2' title="bbox 41 412 1458 2031">
     <span class='ocr_line' id='line_1_2' title="bbox 43 412 1446 478; baseline -0.002 -14"><span class='ocrx_word' id='word_1_5' title='bbox 43 419 135 465; x_wconf 87' lang='lat' dir='ltr'>cito</span> <span class='ocrx_word' id='word_1_6' title='bbox 158 426 403 471; x_wconf 74' lang='lat' dir='ltr'>evenerat,</span> <span class='ocrx_word' id='word_1_7' title='bbox 432 414 656 460; x_wconf 89' lang='lat' dir='ltr'>Barenses</span> <span class='ocrx_word' id='word_1_8' title='bbox 681 412 903 476; x_wconf 81' lang='lat' dir='ltr'>reliquias</span> <span class='ocrx_word' id='word_1_9' title='bbox 928 412 1082 459; x_wconf 85' lang='lat' dir='ltr'>tunica</span> <span class='ocrx_word' id='word_1_10' title='bbox 1107 413 1224 476; x_wconf 88' lang='lat' dir='ltr'>Lupi</span> <span class='ocrx_word' id='word_1_11' title='bbox 1249 415 1446 478; x_wconf 67' lang='lat' dir='ltr'>presby-</span> 
     </span>
     <span class='ocr_line' id='line_1_3' title="bbox 43 489 1448 556; baseline -0.003 -15"><span class='ocrx_word' id='word_1_12' title='bbox 43 495 127 541; x_wconf 86' lang='lat' dir='ltr'>teri</span> <span class='ocrx_word' id='word_1_13' title='bbox 145 496 186 556; x_wconf 83' lang='lat'>(1</span> <span class='ocrx_word' id='word_1_14' title='bbox 197 494 228 554; x_wconf 82' lang='grc'>&gt;,</span> <span class='ocrx_word' id='word_1_15' title='bbox 241 502 383 555; x_wconf 84' lang='lat' dir='ltr'>prout</span> <span class='ocrx_word' id='word_1_16' title='bbox 397 500 632 554; x_wconf 83' lang='lat' dir='ltr'>poterant,</span> <span class='ocrx_word' id='word_1_17' title='bbox 650 489 969 543; x_wconf 68' lang='lat' dir='ltr'>involverunt,</span> <span class='ocrx_word' id='word_1_18' title='bbox 988 489 1234 554; x_wconf 86' lang='lat' dir='ltr'>ipsumque</span> <span class='ocrx_word' id='word_1_19' title='bbox 1245 492 1448 554; x_wconf 77' lang='lat' dir='ltr'>Lupum,</span> 
     </span>
     <span class='ocr_line' id='line_1_4' title="bbox 41 567 1449 625; baseline -0.002 -7"><span class='ocrx_word' id='word_1_20' title='bbox 41 573 263 618; x_wconf 80' lang='lat' dir='ltr'>serentem</span> <span class='ocrx_word' id='word_1_21' title='bbox 285 586 468 615; x_wconf 76' lang='lat' dir='ltr'>sacrum</span> <span class='ocrx_word' id='word_1_22' title='bbox 488 585 626 625; x_wconf 80' lang='lat' dir='ltr'>onus,</span> <span class='ocrx_word' id='word_1_23' title='bbox 645 567 803 612; x_wconf 85' lang='lat' dir='ltr'>statim</span> <span class='ocrx_word' id='word_1_24' title='bbox 821 583 985 612; x_wconf 85' lang='lat' dir='ltr'>omnes</span> <span class='ocrx_word' id='word_1_25' title='bbox 1006 568 1149 613; x_wconf 86' lang='lat' dir='ltr'>secuti</span> <span class='ocrx_word' id='word_1_26' title='bbox 1169 578 1295 614; x_wconf 84' lang='lat' dir='ltr'>sunt.</span> <span class='ocrx_word' id='word_1_27' title='bbox 1321 570 1449 615; x_wconf 92' lang='lat' dir='ltr'>Lau-</span> 
     </span>
     <span class='ocr_line' id='line_1_5' title="bbox 43 632 1449 712; baseline -0.001 -18"><span class='ocrx_word' id='word_1_28' title='bbox 43 648 202 694; x_wconf 84' lang='lat' dir='ltr'>dantes</span> <span class='ocrx_word' id='word_1_29' title='bbox 227 647 380 710; x_wconf 81' lang='lat' dir='ltr'>itaque</span> <span class='ocrx_word' id='word_1_30' title='bbox 404 632 662 692; x_wconf 60' lang='lat' dir='ltr'>Dominum</span> <span class='ocrx_word' id='word_1_31' title='bbox 686 662 776 707; x_wconf 86' lang='lat' dir='ltr'>pro</span> <span class='ocrx_word' id='word_1_32' title='bbox 799 645 1083 691; x_wconf 84' lang='lat' dir='ltr'>sanctissima</span> <span class='ocrx_word' id='word_1_33' title='bbox 1103 645 1286 709; x_wconf 63' lang='lat' dir='ltr'>praeda,</span> <span class='ocrx_word' id='word_1_34' title='bbox 1309 665 1449 712; x_wconf 87' lang='lat' dir='ltr'>quam</span> 
     </span>
     <span class='ocr_line' id='line_1_6' title="bbox 43 721 1453 788; baseline -0.001 -16"><span class='ocrx_word' id='word_1_35' title='bbox 43 743 137 772; x_wconf 87' lang='lat' dir='ltr'>non</span> <span class='ocrx_word' id='word_1_36' title='bbox 156 724 214 770; x_wconf 89' lang='lat' dir='ltr'>de</span> <span class='ocrx_word' id='word_1_37' title='bbox 233 722 443 770; x_wconf 81' lang='lat' dir='ltr'>hostibus</span> <span class='ocrx_word' id='word_1_38' title='bbox 457 759 468 779; x_wconf 92' lang='lat'>,</span> <span class='ocrx_word' id='word_1_39' title='bbox 493 721 570 768; x_wconf 90' lang='lat' dir='ltr'>sed</span> <span class='ocrx_word' id='word_1_40' title='bbox 590 722 842 768; x_wconf 81' lang='lat' dir='ltr'>Dominico</span> <span class='ocrx_word' id='word_1_41' title='bbox 865 721 922 768; x_wconf 74' lang='lat' dir='ltr'>(le</span> <span class='ocrx_word' id='word_1_42' title='bbox 945 722 1276 786; x_wconf 70' lang='lat' dir='ltr'>gazophylacio</span> <span class='ocrx_word' id='word_1_43' title='bbox 1298 742 1453 788; x_wconf 88' lang='lat' dir='ltr'>sump-</span> 
     </span>
     <span class='ocr_line' id='line_1_7' title="bbox 44 797 1453 864; baseline -0.001 -16"><span class='ocrx_word' id='word_1_44' title='bbox 44 812 218 858; x_wconf 82' lang='lat' dir='ltr'>serant,</span> <span class='ocrx_word' id='word_1_45' title='bbox 245 799 301 846; x_wconf 82' lang='lat' dir='ltr'>ad</span> <span class='ocrx_word' id='word_1_46' title='bbox 326 800 483 846; x_wconf 71' lang='lat' dir='ltr'>littora</span> <span class='ocrx_word' id='word_1_47' title='bbox 510 797 825 844; x_wconf 70' lang='lat' dir='ltr'>maturabant.</span> <span class='ocrx_word' id='word_1_48' title='bbox 852 799 1016 844; x_wconf 82' lang='lat' dir='ltr'>Frusta</span> <span class='ocrx_word' id='word_1_49' title='bbox 1043 817 1231 864; x_wconf 86' lang='lat' dir='ltr'>quoque</span> <span class='ocrx_word' id='word_1_50' title='bbox 1253 800 1310 847; x_wconf 87' lang='lat' dir='ltr'>de</span> <span class='ocrx_word' id='word_1_51' title='bbox 1332 819 1453 847; x_wconf 61' lang='lat' dir='ltr'>mai*-</span> 
     </span>
     <span class='ocr_line' id='line_1_8' title="bbox 44 875 1449 941; baseline -0.001 -16"><span class='ocrx_word' id='word_1_52' title='bbox 44 895 198 926; x_wconf 87' lang='lat' dir='ltr'>morea</span> <span class='ocrx_word' id='word_1_53' title='bbox 223 895 365 933; x_wconf 86' lang='lat' dir='ltr'>urna,</span> <span class='ocrx_word' id='word_1_54' title='bbox 393 894 534 941; x_wconf 82' lang='lat' dir='ltr'>quam</span> <span class='ocrx_word' id='word_1_55' title='bbox 559 887 818 939; x_wconf 82' lang='lat' dir='ltr'>ruperunt,</span> <span class='ocrx_word' id='word_1_56' title='bbox 845 875 1036 940; x_wconf 84' lang='lat' dir='ltr'>quidam</span> <span class='ocrx_word' id='word_1_57' title='bbox 1060 888 1449 940; x_wconf 65' lang='lat' dir='ltr'>asportaverunt,</span> 
     </span>
     <span class='ocr_line' id='line_1_9' title="bbox 45 954 1450 1021; baseline -0.001 -17"><span class='ocrx_word' id='word_1_58' title='bbox 45 974 99 1004; x_wconf 87' lang='lat' dir='ltr'>ex</span> <span class='ocrx_word' id='word_1_59' title='bbox 113 955 282 1021; x_wconf 85' lang='lat' dir='ltr'>quibus</span> <span class='ocrx_word' id='word_1_60' title='bbox 296 974 318 1000; x_wconf 92' lang='lat' dir='ltr'>a</span> <span class='ocrx_word' id='word_1_61' title='bbox 333 955 492 1000; x_wconf 83' lang='lat' dir='ltr'>multis</span> <span class='ocrx_word' id='word_1_62' title='bbox 511 954 813 1017; x_wconf 74' lang='lat' dir='ltr'>pontificibus</span> <span class='ocrx_word' id='word_1_63' title='bbox 828 971 913 1017; x_wconf 82' lang='lat' dir='ltr'>per</span> <span class='ocrx_word' id='word_1_64' title='bbox 928 954 1107 1000; x_wconf 82' lang='lat' dir='ltr'>Italiam</span> <span class='ocrx_word' id='word_1_65' title='bbox 1123 955 1271 1001; x_wconf 87' lang='lat' dir='ltr'>multa</span> <span class='ocrx_word' id='word_1_66' title='bbox 1289 956 1450 1002; x_wconf 78' lang='lat' dir='ltr'>altaria</span> 
     </span>
     <span class='ocr_line' id='line_1_10' title="bbox 46 1032 1452 1098; baseline -0.001 -17"><span class='ocrx_word' id='word_1_67' title='bbox 46 1034 308 1098; x_wconf 77' lang='lat' dir='ltr'>tabulaeque</span> <span class='ocrx_word' id='word_1_68' title='bbox 334 1033 579 1078; x_wconf 71' lang='lat' dir='ltr'>temerarie</span> <span class='ocrx_word' id='word_1_69' title='bbox 607 1033 674 1094; x_wconf 64' lang='lat'>(2)</span> <span class='ocrx_word' id='word_1_70' title='bbox 697 1042 985 1079; x_wconf 64' lang='lat' dir='ltr'>consecratae</span> <span class='ocrx_word' id='word_1_71' title='bbox 1011 1043 1137 1077; x_wconf 80' lang='lat' dir='ltr'>sunt.</span> <span class='ocrx_word' id='word_1_72' title='bbox 1163 1032 1235 1079; x_wconf 84' lang='lat' dir='ltr'>Ad</span> <span class='ocrx_word' id='word_1_73' title='bbox 1262 1046 1452 1097; x_wconf 80' lang='lat' dir='ltr'>portum</span> 
     </span>
     <span class='ocr_line' id='line_1_11' title="bbox 46 1111 1451 1175; baseline -0.001 -17"><span class='ocrx_word' id='word_1_74' title='bbox 46 1121 198 1158; x_wconf 79' lang='lat' dir='ltr'>autem</span> <span class='ocrx_word' id='word_1_75' title='bbox 227 1121 278 1155; x_wconf 88' lang='lat' dir='ltr'>ut</span> <span class='ocrx_word' id='word_1_76' title='bbox 301 1126 587 1165; x_wconf 69' lang='lat' dir='ltr'>convenere,</span> <span class='ocrx_word' id='word_1_77' title='bbox 615 1120 719 1155; x_wconf 84' lang='lat' dir='ltr'>orta</span> <span class='ocrx_word' id='word_1_78' title='bbox 739 1120 807 1154; x_wconf 80' lang='lat' dir='ltr'>est</span> <span class='ocrx_word' id='word_1_79' title='bbox 828 1111 1098 1167; x_wconf 85' lang='lat' dir='ltr'>contentio,</span> <span class='ocrx_word' id='word_1_80' title='bbox 1128 1111 1172 1156; x_wconf 85' lang='lat' dir='ltr'>in</span> <span class='ocrx_word' id='word_1_81' title='bbox 1198 1113 1328 1175; x_wconf 87' lang='lat' dir='ltr'>eujus</span> <span class='ocrx_word' id='word_1_82' title='bbox 1348 1114 1451 1158; x_wconf 82' lang='lat' dir='ltr'>navi</span> 
     </span>
     <span class='ocr_line' id='line_1_12' title="bbox 45 1186 1455 1250; baseline 0.001 -15"><span class='ocrx_word' id='word_1_83' title='bbox 45 1189 313 1234; x_wconf 73' lang='lat' dir='ltr'>mitteretur</span> <span class='ocrx_word' id='word_1_84' title='bbox 346 1205 464 1233; x_wconf 86' lang='lat' dir='ltr'>onus</span> <span class='ocrx_word' id='word_1_85' title='bbox 495 1186 818 1233; x_wconf 81' lang='lat' dir='ltr'>desiderabile.</span> <span class='ocrx_word' id='word_1_86' title='bbox 860 1187 1098 1250; x_wconf 86' lang='lat' dir='ltr'>Optabant</span> <span class='ocrx_word' id='word_1_87' title='bbox 1134 1190 1262 1234; x_wconf 91' lang='lat' dir='ltr'>enim</span> <span class='ocrx_word' id='word_1_88' title='bbox 1298 1207 1455 1236; x_wconf 84' lang='lat' dir='ltr'>secum</span> 
     </span>
     <span class='ocr_line' id='line_1_13' title="bbox 46 1263 1455 1327; baseline 0.001 -15"><span class='ocrx_word' id='word_1_89' title='bbox 46 1281 207 1312; x_wconf 88' lang='lat' dir='ltr'>omnes</span> <span class='ocrx_word' id='word_1_90' title='bbox 236 1275 420 1310; x_wconf 85' lang='lat' dir='ltr'>tantum</span> <span class='ocrx_word' id='word_1_91' title='bbox 453 1263 659 1311; x_wconf 86' lang='lat' dir='ltr'>sodalem</span> <span class='ocrx_word' id='word_1_92' title='bbox 691 1275 737 1309; x_wconf 81' lang='lat' dir='ltr'>et</span> <span class='ocrx_word' id='word_1_93' title='bbox 766 1274 1022 1327; x_wconf 87' lang='lat' dir='ltr'>patronum</span> <span class='ocrx_word' id='word_1_94' title='bbox 1051 1264 1243 1312; x_wconf 80' lang='lat' dir='ltr'>habere.</span> <span class='ocrx_word' id='word_1_95' title='bbox 1287 1268 1455 1314; x_wconf 87' lang='lat' dir='ltr'>Omni-</span> 
     </span>
     <span class='ocr_line' id='line_1_14' title="bbox 46 1341 1457 1405; baseline 0.001 -16"><span class='ocrx_word' id='word_1_96' title='bbox 46 1344 131 1390; x_wconf 83' lang='lat' dir='ltr'>bus</span> <span class='ocrx_word' id='word_1_97' title='bbox 168 1342 359 1389; x_wconf 82' lang='lat' dir='ltr'>tandem</span> <span class='ocrx_word' id='word_1_98' title='bbox 399 1341 590 1405; x_wconf 85' lang='lat' dir='ltr'>pacifice</span> <span class='ocrx_word' id='word_1_99' title='bbox 625 1342 801 1404; x_wconf 80' lang='lat' dir='ltr'>placuit</span> <span class='ocrx_word' id='word_1_100' title='bbox 834 1353 887 1388; x_wconf 81' lang='lat' dir='ltr'>ut</span> <span class='ocrx_word' id='word_1_101' title='bbox 923 1342 1136 1389; x_wconf 71' lang='lat' dir='ltr'>Matthaei</span> <span class='ocrx_word' id='word_1_102' title='bbox 1174 1345 1304 1390; x_wconf 83' lang='lat' dir='ltr'>navis</span> <span class='ocrx_word' id='word_1_103' title='bbox 1341 1346 1457 1391; x_wconf 80' lang='lat' dir='ltr'>illud</span> 
     </span>
     <span class='ocr_line' id='line_1_15' title="bbox 47 1420 1456 1483; baseline 0.002 -17"><span class='ocrx_word' id='word_1_104' title='bbox 47 1421 262 1478; x_wconf 74' lang='lat' dir='ltr'>veheret,</span> <span class='ocrx_word' id='word_1_105' title='bbox 307 1421 342 1466; x_wconf 80' lang='lat' dir='ltr'>si</span> <span class='ocrx_word' id='word_1_106' title='bbox 381 1431 534 1465; x_wconf 86' lang='lat' dir='ltr'>tamen</span> <span class='ocrx_word' id='word_1_107' title='bbox 584 1421 679 1482; x_wconf 88' lang='lat' dir='ltr'>ipse</span> <span class='ocrx_word' id='word_1_108' title='bbox 719 1420 849 1482; x_wconf 79' lang='lat' dir='ltr'>prius</span> <span class='ocrx_word' id='word_1_109' title='bbox 885 1420 1194 1483; x_wconf 83' lang='lat' dir='ltr'>jurejurando</span> <span class='ocrx_word' id='word_1_110' title='bbox 1233 1420 1291 1468; x_wconf 85' lang='lat' dir='ltr'>de</span> <span class='ocrx_word' id='word_1_111' title='bbox 1331 1422 1456 1469; x_wconf 84' lang='lat' dir='ltr'>bona</span> 
     </span>
     <span class='ocr_line' id='line_1_16' title="bbox 48 1496 1308 1556; baseline 0.002 -13"><span class='ocrx_word' id='word_1_112' title='bbox 48 1499 264 1546; x_wconf 83' lang='lat' dir='ltr'>societate</span> <span class='ocrx_word' id='word_1_113' title='bbox 289 1496 426 1543; x_wconf 80' lang='lat' dir='ltr'>fidem</span> <span class='ocrx_word' id='word_1_114' title='bbox 452 1497 542 1542; x_wconf 86' lang='lat' dir='ltr'>illis</span> <span class='ocrx_word' id='word_1_115' title='bbox 566 1498 754 1543; x_wconf 69' lang='lat' dir='ltr'>faceret.</span> <span class='ocrx_word' id='word_1_116' title='bbox 781 1496 917 1556; x_wconf 87' lang='lat' dir='ltr'>Quod</span> <span class='ocrx_word' id='word_1_117' title='bbox 942 1498 1000 1542; x_wconf 90' lang='lat' dir='ltr'>ita</span> <span class='ocrx_word' id='word_1_118' title='bbox 1027 1499 1200 1544; x_wconf 84' lang='lat' dir='ltr'>sactum</span> <span class='ocrx_word' id='word_1_119' title='bbox 1225 1511 1308 1545; x_wconf 89' lang='lat' dir='ltr'>est.</span> 
     </span>
     <span class='ocr_line' id='line_1_17' title="bbox 111 1572 1458 1640; baseline 0.002 -20"><span class='ocrx_word' id='word_1_120' title='bbox 111 1576 275 1620; x_wconf 81' lang='lat' dir='ltr'>Ratein</span> <span class='ocrx_word' id='word_1_121' title='bbox 303 1576 456 1638; x_wconf 83' lang='lat' dir='ltr'>itaque</span> <span class='ocrx_word' id='word_1_122' title='bbox 489 1575 582 1620; x_wconf 77' lang='lat' dir='ltr'>laeti</span> <span class='ocrx_word' id='word_1_123' title='bbox 616 1572 895 1630; x_wconf 81' lang='lat' dir='ltr'>ascendunt,</span> <span class='ocrx_word' id='word_1_124' title='bbox 931 1574 1153 1638; x_wconf 82' lang='lat' dir='ltr'>reliquias</span> <span class='ocrx_word' id='word_1_125' title='bbox 1177 1576 1270 1622; x_wconf 84' lang='lat' dir='ltr'>alio</span> <span class='ocrx_word' id='word_1_126' title='bbox 1298 1595 1458 1640; x_wconf 79' lang='lat' dir='ltr'>panno</span> 
     </span>
     <span class='ocr_line' id='line_1_18' title="bbox 48 1650 1458 1720; baseline 0.004 -22"><span class='ocrx_word' id='word_1_127' title='bbox 48 1670 172 1698; x_wconf 65' lang='lat' dir='ltr'>novo</span> <span class='ocrx_word' id='word_1_128' title='bbox 198 1663 244 1697; x_wconf 78' lang='lat' dir='ltr'>et</span> <span class='ocrx_word' id='word_1_129' title='bbox 267 1650 465 1697; x_wconf 84' lang='lat' dir='ltr'>candido</span> <span class='ocrx_word' id='word_1_130' title='bbox 490 1652 765 1708; x_wconf 72' lang='lat' dir='ltr'>involvunt,</span> <span class='ocrx_word' id='word_1_131' title='bbox 794 1662 840 1696; x_wconf 81' lang='lat' dir='ltr'>et</span> <span class='ocrx_word' id='word_1_132' title='bbox 867 1652 912 1696; x_wconf 88' lang='lat' dir='ltr'>in</span> <span class='ocrx_word' id='word_1_133' title='bbox 937 1653 1126 1699; x_wconf 85' lang='lat' dir='ltr'>vasculo</span> <span class='ocrx_word' id='word_1_134' title='bbox 1151 1654 1336 1718; x_wconf 81' lang='lat' dir='ltr'>ligneo,</span> <span class='ocrx_word' id='word_1_135' title='bbox 1363 1673 1458 1720; x_wconf 89' lang='lat' dir='ltr'>quo</span> 
     </span>
     <span class='ocr_line' id='line_1_19' title="bbox 49 1728 1453 1791; baseline 0.004 -17"><span class='ocrx_word' id='word_1_136' title='bbox 49 1739 199 1774; x_wconf 77' lang='lat' dir='ltr'>nautae</span> <span class='ocrx_word' id='word_1_137' title='bbox 223 1728 309 1773; x_wconf 75' lang='lat' dir='ltr'>sibi</span> <span class='ocrx_word' id='word_1_138' title='bbox 345 1739 568 1774; x_wconf 85' lang='lat' dir='ltr'>temetum</span> <span class='ocrx_word' id='word_1_139' title='bbox 595 1745 781 1774; x_wconf 70' lang='lat' dir='ltr'>servare</span> <span class='ocrx_word' id='word_1_140' title='bbox 805 1728 1020 1775; x_wconf 85' lang='lat' dir='ltr'>solebant·</span> <span class='ocrx_word' id='word_1_141' title='bbox 1044 1731 1136 1791; x_wconf 52' lang='grc' dir='ltr'>(ζὸ),</span> <span class='ocrx_word' id='word_1_142' title='bbox 1169 1732 1453 1779; x_wconf 82' lang='lat' dir='ltr'>recondunt.</span> 
     </span>
     <span class='ocr_line' id='line_1_20' title="bbox 48 1805 1456 1869; baseline 0.004 -17"><span class='ocrx_word' id='word_1_143' title='bbox 48 1808 112 1852; x_wconf 89' lang='lat' dir='ltr'>De</span> <span class='ocrx_word' id='word_1_144' title='bbox 135 1805 299 1852; x_wconf 82' lang='lat' dir='ltr'>dolore</span> <span class='ocrx_word' id='word_1_145' title='bbox 325 1823 438 1852; x_wconf 65' lang='lat' dir='ltr'>vero</span> <span class='ocrx_word' id='word_1_146' title='bbox 458 1806 749 1869; x_wconf 58' lang='lat' dir='ltr'>Myrensium</span> <span class='ocrx_word' id='word_1_147' title='bbox 770 1824 858 1869; x_wconf 75' lang='lat' dir='ltr'>pro</span> <span class='ocrx_word' id='word_1_148' title='bbox 875 1806 1050 1854; x_wconf 85' lang='lat' dir='ltr'>damno</span> <span class='ocrx_word' id='word_1_149' title='bbox 1069 1807 1155 1854; x_wconf 86' lang='lat' dir='ltr'>sibi</span> <span class='ocrx_word' id='word_1_150' title='bbox 1177 1809 1322 1868; x_wconf 81' lang='lat' dir='ltr'>sacto,</span> <span class='ocrx_word' id='word_1_151' title='bbox 1345 1811 1456 1857; x_wconf 86' lang='lat' dir='ltr'>(lum</span> 
     </span>
     <span class='ocr_line' id='line_1_21' title="bbox 51 1884 1454 1940; baseline 0.006 -12"><span class='ocrx_word' id='word_1_152' title='bbox 51 1895 215 1930; x_wconf 81' lang='lat' dir='ltr'>notum</span> <span class='ocrx_word' id='word_1_153' title='bbox 241 1884 329 1929; x_wconf 83' lang='lat' dir='ltr'>illis</span> <span class='ocrx_word' id='word_1_154' title='bbox 351 1885 524 1930; x_wconf 83' lang='lat' dir='ltr'>sactum</span> <span class='ocrx_word' id='word_1_155' title='bbox 549 1896 641 1940; x_wconf 82' lang='lat' dir='ltr'>est,</span> <span class='ocrx_word' id='word_1_156' title='bbox 670 1885 815 1929; x_wconf 86' lang='lat' dir='ltr'>multa</span> <span class='ocrx_word' id='word_1_157' title='bbox 842 1884 1017 1931; x_wconf 76' lang='lat' dir='ltr'>referre</span> <span class='ocrx_word' id='word_1_158' title='bbox 1041 1903 1225 1933; x_wconf 86' lang='lat' dir='ltr'>neeesse</span> <span class='ocrx_word' id='word_1_159' title='bbox 1249 1906 1346 1935; x_wconf 87' lang='lat' dir='ltr'>non</span> <span class='ocrx_word' id='word_1_160' title='bbox 1371 1901 1454 1936; x_wconf 80' lang='lat' dir='ltr'>est.</span> 
     </span>
     <span class='ocr_line' id='line_1_22' title="bbox 51 1960 1458 2031; baseline 0.004 -24"><span class='ocrx_word' id='word_1_161' title='bbox 51 1961 189 2019; x_wconf 70' lang='lat' dir='ltr'>Nam,</span> <span class='ocrx_word' id='word_1_162' title='bbox 213 1973 263 2007; x_wconf 88' lang='lat' dir='ltr'>ut</span> <span class='ocrx_word' id='word_1_163' title='bbox 291 1960 552 2026; x_wconf 82' lang='lat' dir='ltr'>hujusmodi</span> <span class='ocrx_word' id='word_1_164' title='bbox 573 1963 743 2008; x_wconf 81' lang='lat' dir='ltr'>samam</span> <span class='ocrx_word' id='word_1_165' title='bbox 770 1963 938 2009; x_wconf 82' lang='lat' dir='ltr'>ineolae</span> <span class='ocrx_word' id='word_1_166' title='bbox 962 1963 1110 2026; x_wconf 78' lang='lat' dir='ltr'>Myrei</span> <span class='ocrx_word' id='word_1_167' title='bbox 1139 1967 1276 2011; x_wconf 78' lang='lat' dir='ltr'>castri</span> <span class='ocrx_word' id='word_1_168' title='bbox 1293 2003 1304 2022; x_wconf 92' lang='lat'>‚</span> <span class='ocrx_word' id='word_1_169' title='bbox 1331 1967 1458 2031; x_wconf 84' lang='lat' dir='ltr'>qued</span> 
     </span>
    </p>
   </div>
   <div class='ocr_carea' id='block_1_3' title="bbox 54 2071 1348 2081">
    <p class='ocr_par' dir='ltr' id='par_1_3' title="bbox 54 2071 1348 2081">
     <span class='ocr_line' id='line_1_23' title="bbox 54 2071 1348 2081; baseline 0 0"><span class='ocrx_word' id='word_1_170' title='bbox 54 2071 1348 2081; x_wconf 95' lang='lat' dir='ltr'> </span> 
     </span>
    </p>
   </div>
   <div class='ocr_carea' id='block_1_4' title="bbox 49 2132 1456 2895">
    <p class='ocr_par' dir='ltr' id='par_1_4' title="bbox 49 2132 1456 2653">
     <span class='ocr_line' id='line_1_24' title="bbox 95 2132 1456 2183; baseline 0.002 -16"><span class='ocrx_word' id='word_1_171' title='bbox 95 2134 143 2177; x_wconf 80' lang='grc' dir='ltr'>(ι)</span> <span class='ocrx_word' id='word_1_172' title='bbox 158 2134 207 2169; x_wconf 86' lang='lat' dir='ltr'>Ce</span> <span class='ocrx_word' id='word_1_173' title='bbox 221 2133 276 2167; x_wconf 90' lang='lat' dir='ltr'>sut</span> <span class='ocrx_word' id='word_1_174' title='bbox 291 2133 381 2167; x_wconf 88' lang='lat' dir='ltr'>dans</span> <span class='ocrx_word' id='word_1_175' title='bbox 397 2133 427 2167; x_wconf 86' lang='lat' dir='ltr'>la</span> <span class='ocrx_word' id='word_1_176' title='bbox 442 2133 597 2179; x_wconf 82' lang='lat' dir='ltr'>tunique</span> <span class='ocrx_word' id='word_1_177' title='bbox 615 2132 769 2166; x_wconf 79' lang='lat' dir='ltr'>blanche</span> <span class='ocrx_word' id='word_1_178' title='bbox 782 2134 794 2177; x_wconf 83' lang='lat'><strong><em>(</em></strong></span> <span class='ocrx_word' id='word_1_179' title='bbox 807 2132 1083 2178; x_wconf 75' lang='lat' dir='ltr'>probablement</span> <span class='ocrx_word' id='word_1_180' title='bbox 1103 2133 1220 2168; x_wconf 79' lang='lat' dir='ltr'>l&#39;aube</span> <span class='ocrx_word' id='word_1_181' title='bbox 1236 2148 1282 2169; x_wconf 89' lang='lat' dir='ltr'>ou</span> <span class='ocrx_word' id='word_1_182' title='bbox 1304 2138 1456 2183; x_wconf 75' lang='lat' dir='ltr'>surplis)</span> 
     </span>
     <span class='ocr_line' id='line_1_25' title="bbox 51 2192 1452 2243; baseline 0.004 -16"><span class='ocrx_word' id='word_1_183' title='bbox 51 2193 94 2228; x_wconf 88' lang='lat' dir='ltr'>de</span> <span class='ocrx_word' id='word_1_184' title='bbox 113 2193 317 2236; x_wconf 72' lang='lat' dir='ltr'>Grimoahl,</span> <span class='ocrx_word' id='word_1_185' title='bbox 343 2201 378 2227; x_wconf 83' lang='lat' dir='ltr'>et</span> <span class='ocrx_word' id='word_1_186' title='bbox 397 2205 469 2227; x_wconf 87' lang='lat' dir='ltr'>non</span> <span class='ocrx_word' id='word_1_187' title='bbox 495 2192 540 2227; x_wconf 85' lang='lat' dir='ltr'>de</span> <span class='ocrx_word' id='word_1_188' title='bbox 562 2194 695 2239; x_wconf 87' lang='lat' dir='ltr'>Lupus,</span> <span class='ocrx_word' id='word_1_189' title='bbox 720 2204 792 2239; x_wconf 90' lang='lat' dir='ltr'>que</span> <span class='ocrx_word' id='word_1_190' title='bbox 812 2192 863 2226; x_wconf 80' lang='lat' dir='ltr'>les</span> <span class='ocrx_word' id='word_1_191' title='bbox 880 2192 1037 2239; x_wconf 78' lang='lat' dir='ltr'>reliques</span> <span class='ocrx_word' id='word_1_192' title='bbox 1056 2193 1184 2229; x_wconf 79' lang='lat' dir='ltr'>surent</span> <span class='ocrx_word' id='word_1_193' title='bbox 1201 2195 1452 2243; x_wconf 59' lang='lat' dir='ltr'>envelop&#39;usesu</span> 
     </span>
     <span class='ocr_line' id='line_1_26' title="bbox 50 2252 1456 2303; baseline 0.004 -16"><span class='ocrx_word' id='word_1_194' title='bbox 50 2254 195 2288; x_wconf 74' lang='lat' dir='ltr'>Suivant</span> <span class='ocrx_word' id='word_1_195' title='bbox 213 2253 245 2288; x_wconf 85' lang='lat' dir='ltr'>le</span> <span class='ocrx_word' id='word_1_196' title='bbox 266 2255 356 2288; x_wconf 79' lang='lat' dir='ltr'>recit</span> <span class='ocrx_word' id='word_1_197' title='bbox 373 2253 418 2287; x_wconf 89' lang='lat' dir='ltr'>de</span> <span class='ocrx_word' id='word_1_198' title='bbox 437 2253 660 2299; x_wconf 64' lang='lat' dir='ltr'>Nee-phore,</span> <span class='ocrx_word' id='word_1_199' title='bbox 681 2252 730 2286; x_wconf 84' lang='lat' dir='ltr'>les</span> <span class='ocrx_word' id='word_1_200' title='bbox 750 2264 947 2298; x_wconf 63' lang='lat' dir='ltr'>voyageurs</span> <span class='ocrx_word' id='word_1_201' title='bbox 965 2253 1129 2288; x_wconf 69' lang='lat' dir='ltr'>aun-aient</span> <span class='ocrx_word' id='word_1_202' title='bbox 1146 2254 1254 2289; x_wconf 78' lang='lat' dir='ltr'>voulu</span> <span class='ocrx_word' id='word_1_203' title='bbox 1270 2265 1456 2303; x_wconf 73' lang='lat' dir='ltr'>emportei&#39;</span> 
     </span>
     <span class='ocr_line' id='line_1_27' title="bbox 50 2310 1456 2358; baseline 0.003 -12"><span class='ocrx_word' id='word_1_204' title='bbox 50 2323 92 2345; x_wconf 80' lang='lat' dir='ltr'>en</span> <span class='ocrx_word' id='word_1_205' title='bbox 110 2313 226 2346; x_wconf 70' lang='lat' dir='ltr'>meme</span> <span class='ocrx_word' id='word_1_206' title='bbox 248 2320 365 2358; x_wconf 83' lang='lat' dir='ltr'>temps</span> <span class='ocrx_word' id='word_1_207' title='bbox 383 2324 431 2345; x_wconf 87' lang='lat' dir='ltr'>un</span> <span class='ocrx_word' id='word_1_208' title='bbox 453 2312 608 2357; x_wconf 72' lang='lat' dir='ltr'>porti-ait</span> <span class='ocrx_word' id='word_1_209' title='bbox 627 2310 675 2344; x_wconf 86' lang='lat' dir='ltr'>du</span> <span class='ocrx_word' id='word_1_210' title='bbox 695 2311 788 2344; x_wconf 86' lang='lat' dir='ltr'>saint</span> <span class='ocrx_word' id='word_1_211' title='bbox 806 2310 940 2357; x_wconf 73' lang='lat' dir='ltr'>eveque</span> <span class='ocrx_word' id='word_1_212' title='bbox 953 2339 960 2353; x_wconf 93' lang='lat'><em>,</em></span> <span class='ocrx_word' id='word_1_213' title='bbox 988 2311 1087 2357; x_wconf 78' lang='lat' dir='ltr'>place</span> <span class='ocrx_word' id='word_1_214' title='bbox 1113 2325 1176 2347; x_wconf 77' lang='lat' dir='ltr'>sui·</span> <span class='ocrx_word' id='word_1_215' title='bbox 1203 2313 1347 2358; x_wconf 81' lang='lat' dir='ltr'>l&#39;aute13</span> <span class='ocrx_word' id='word_1_216' title='bbox 1367 2317 1456 2350; x_wconf 75' lang='lat' dir='ltr'>mais</span> 
     </span>
     <span class='ocr_line' id='line_1_28' title="bbox 51 2370 1456 2418; baseline 0.004 -13"><span class='ocrx_word' id='word_1_217' title='bbox 51 2383 88 2405; x_wconf 89' lang='lat' dir='ltr'>ce</span> <span class='ocrx_word' id='word_1_218' title='bbox 104 2371 158 2406; x_wconf 84' lang='lat' dir='ltr'>sut</span> <span class='ocrx_word' id='word_1_219' title='bbox 173 2384 217 2406; x_wconf 92' lang='lat' dir='ltr'>en</span> <span class='ocrx_word' id='word_1_220' title='bbox 235 2372 315 2405; x_wconf 67' lang='lat' dir='ltr'>vain</span> <span class='ocrx_word' id='word_1_221' title='bbox 339 2370 446 2418; x_wconf 83' lang='lat' dir='ltr'>qu&#39;ils</span> <span class='ocrx_word' id='word_1_222' title='bbox 474 2370 717 2405; x_wconf 74' lang='lat' dir='ltr'>chercliemnt</span> <span class='ocrx_word' id='word_1_223' title='bbox 743 2372 761 2404; x_wconf 79' lang='grc' dir='ltr'>ὲι</span> <span class='ocrx_word' id='word_1_224' title='bbox 778 2370 847 2404; x_wconf 86' lang='lat' dir='ltr'>l&#39;en</span> <span class='ocrx_word' id='word_1_225' title='bbox 870 2371 1054 2406; x_wconf 76' lang='lat' dir='ltr'>arracher.</span> <span class='ocrx_word' id='word_1_226' title='bbox 1076 2372 1122 2407; x_wconf 87' lang='lat' dir='ltr'>Le</span> <span class='ocrx_word' id='word_1_227' title='bbox 1149 2373 1254 2408; x_wconf 85' lang='lat' dir='ltr'>blanc</span> <span class='ocrx_word' id='word_1_228' title='bbox 1273 2374 1456 2411; x_wconf 73' lang='lat' dir='ltr'>vetement</span> 
     </span>
     <span class='ocr_line' id='line_1_29' title="bbox 50 2429 1454 2478; baseline 0.005 -15"><span class='ocrx_word' id='word_1_229' title='bbox 50 2430 135 2466; x_wconf 86' lang='lat' dir='ltr'>dans</span> <span class='ocrx_word' id='word_1_230' title='bbox 155 2431 272 2478; x_wconf 85' lang='lat' dir='ltr'>lequel</span> <span class='ocrx_word' id='word_1_231' title='bbox 294 2431 343 2465; x_wconf 86' lang='lat' dir='ltr'>les</span> <span class='ocrx_word' id='word_1_232' title='bbox 370 2430 526 2477; x_wconf 77' lang='lat' dir='ltr'>reliques</span> <span class='ocrx_word' id='word_1_233' title='bbox 558 2431 736 2464; x_wconf 65' lang='lat' dir='ltr'>restet-ent</span> <span class='ocrx_word' id='word_1_234' title='bbox 765 2429 1002 2477; x_wconf 83' lang='lat' dir='ltr'>enveloppees</span> <span class='ocrx_word' id='word_1_235' title='bbox 1020 2431 1183 2478; x_wconf 86' lang='lat' dir='ltr'>pendant</span> <span class='ocrx_word' id='word_1_236' title='bbox 1201 2440 1303 2468; x_wconf 83' lang='lat' dir='ltr'>toute</span> <span class='ocrx_word' id='word_1_237' title='bbox 1329 2435 1361 2469; x_wconf 86' lang='lat' dir='ltr'>la</span> <span class='ocrx_word' id='word_1_238' title='bbox 1380 2442 1454 2470; x_wconf 77' lang='lat' dir='ltr'>tra-</span> 
     </span>
     <span class='ocr_line' id='line_1_30' title="bbox 49 2488 1451 2538; baseline 0.004 -16"><span class='ocrx_word' id='word_1_239' title='bbox 49 2491 178 2532; x_wconf 64' lang='lat' dir='ltr'>versee,</span> <span class='ocrx_word' id='word_1_240' title='bbox 195 2490 250 2524; x_wconf 85' lang='lat' dir='ltr'>sut</span> <span class='ocrx_word' id='word_1_241' title='bbox 269 2489 409 2523; x_wconf 77' lang='lat' dir='ltr'>ensuite</span> <span class='ocrx_word' id='word_1_242' title='bbox 429 2491 578 2536; x_wconf 80' lang='lat' dir='ltr'>partage</span> <span class='ocrx_word' id='word_1_243' title='bbox 594 2496 698 2523; x_wconf 80' lang='lat' dir='ltr'>entre</span> <span class='ocrx_word' id='word_1_244' title='bbox 717 2488 896 2535; x_wconf 81' lang='lat' dir='ltr'>plusieurs</span> <span class='ocrx_word' id='word_1_245' title='bbox 914 2489 1044 2536; x_wconf 78' lang='lat' dir='ltr'>eglises</span> <span class='ocrx_word' id='word_1_246' title='bbox 1060 2491 1282 2538; x_wconf 79' lang='lat' dir='ltr'>episcopales</span> <span class='ocrx_word' id='word_1_247' title='bbox 1298 2492 1451 2537; x_wconf 60' lang='lat' dir='ltr'>(Pluuio,</span> 
     </span>
     <span class='ocr_line' id='line_1_31' title="bbox 50 2547 1451 2595; baseline 0.004 -13"><span class='ocrx_word' id='word_1_248' title='bbox 50 2549 139 2583; x_wconf 86' lang='lat' dir='ltr'>aussi</span> <span class='ocrx_word' id='word_1_249' title='bbox 164 2549 248 2583; x_wconf 86' lang='lat' dir='ltr'>bien</span> <span class='ocrx_word' id='word_1_250' title='bbox 271 2560 342 2595; x_wconf 86' lang='lat' dir='ltr'>que</span> <span class='ocrx_word' id='word_1_251' title='bbox 361 2555 441 2582; x_wconf 88' lang='lat' dir='ltr'>tous</span> <span class='ocrx_word' id='word_1_252' title='bbox 456 2547 506 2582; x_wconf 90' lang='lat' dir='ltr'>les</span> <span class='ocrx_word' id='word_1_253' title='bbox 525 2560 719 2583; x_wconf 76' lang='lat' dir='ltr'>morceaux</span> <span class='ocrx_word' id='word_1_254' title='bbox 742 2547 791 2582; x_wconf 88' lang='lat' dir='ltr'>du</span> <span class='ocrx_word' id='word_1_255' title='bbox 810 2548 996 2583; x_wconf 76' lang='lat' dir='ltr'>couvcrcle</span> <span class='ocrx_word' id='word_1_256' title='bbox 1019 2548 1068 2583; x_wconf 91' lang='lat' dir='ltr'>du</span> <span class='ocrx_word' id='word_1_257' title='bbox 1089 2550 1276 2595; x_wconf 78' lang='lat' dir='ltr'>tombeau,</span> <span class='ocrx_word' id='word_1_258' title='bbox 1297 2551 1388 2588; x_wconf 83' lang='lat' dir='ltr'>dont</span> <span class='ocrx_word' id='word_1_259' title='bbox 1406 2566 1451 2589; x_wconf 81' lang='lat' dir='ltr'>on</span> 
     </span>
     <span class='ocr_line' id='line_1_32' title="bbox 49 2608 296 2653; baseline 0.004 -12"><span class='ocrx_word' id='word_1_260' title='bbox 49 2614 113 2653; x_wconf 86' lang='lat' dir='ltr'>put</span> <span class='ocrx_word' id='word_1_261' title='bbox 131 2619 166 2643; x_wconf 86' lang='lat' dir='ltr'>se</span> <span class='ocrx_word' id='word_1_262' title='bbox 185 2608 296 2642; x_wconf 84' lang='lat' dir='ltr'>saisir.</span> 
     </span>
    </p>

    <p class='ocr_par' dir='ltr' id='par_1_5' title="bbox 51 2667 1449 2763">
     <span class='ocr_line' id='line_1_33' title="bbox 95 2667 1449 2717; baseline 0.004 -15"><span class='ocrx_word' id='word_1_263' title='bbox 95 2668 142 2713; x_wconf 75' lang='lat'>(2)</span> <span class='ocrx_word' id='word_1_264' title='bbox 165 2669 261 2702; x_wconf 80' lang='lat' dir='ltr'>Lisez</span> <span class='ocrx_word' id='word_1_265' title='bbox 282 2684 287 2701; x_wconf 93' lang='grc'>·.</span> <span class='ocrx_word' id='word_1_266' title='bbox 310 2675 452 2702; x_wconf 76' lang='lat' dir='ltr'>temere.</span> <span class='ocrx_word' id='word_1_267' title='bbox 474 2668 525 2702; x_wconf 91' lang='lat' dir='ltr'>Ce</span> <span class='ocrx_word' id='word_1_268' title='bbox 543 2675 619 2703; x_wconf 84' lang='lat' dir='ltr'>mot</span> <span class='ocrx_word' id='word_1_269' title='bbox 636 2675 689 2703; x_wconf 85' lang='lat' dir='ltr'>est</span> <span class='ocrx_word' id='word_1_270' title='bbox 708 2669 781 2714; x_wconf 76' lang='lat' dir='ltr'>pris</span> <span class='ocrx_word' id='word_1_271' title='bbox 800 2668 844 2702; x_wconf 78' lang='lat' dir='ltr'>ici</span> <span class='ocrx_word' id='word_1_272' title='bbox 865 2667 954 2702; x_wconf 82' lang='lat' dir='ltr'>dans</span> <span class='ocrx_word' id='word_1_273' title='bbox 974 2668 1183 2716; x_wconf 71' lang='lat' dir='ltr'>l&#39;acception</span> <span class='ocrx_word' id='word_1_274' title='bbox 1206 2670 1251 2705; x_wconf 88' lang='lat' dir='ltr'>de</span> <span class='ocrx_word' id='word_1_275' title='bbox 1270 2687 1275 2705; x_wconf 84' lang='lat' dir='ltr'><em>z</em></span> <span class='ocrx_word' id='word_1_276' title='bbox 1294 2676 1449 2717; x_wconf 64' lang='lat' dir='ltr'>passim,</span> 
     </span>
     <span class='ocr_line' id='line_1_34' title="bbox 51 2728 255 2763; baseline 0 -2"><span class='ocrx_word' id='word_1_277' title='bbox 51 2728 104 2763; x_wconf 77' lang='lat' dir='ltr'>hic</span> <span class='ocrx_word' id='word_1_278' title='bbox 123 2735 156 2762; x_wconf 79' lang='lat' dir='ltr'>et</span> <span class='ocrx_word' id='word_1_279' title='bbox 172 2730 255 2763; x_wconf 80' lang='lat' dir='ltr'>illic.</span> 
     </span>
    </p>

    <p class='ocr_par' dir='ltr' id='par_1_6' title="bbox 49 2788 1450 2895">
     <span class='ocr_line' id='line_1_35' title="bbox 94 2788 1450 2839; baseline 0.004 -15"><span class='ocrx_word' id='word_1_280' title='bbox 94 2788 143 2834; x_wconf 80' lang='lat'>(5)</span> <span class='ocrx_word' id='word_1_281' title='bbox 164 2790 218 2823; x_wconf 81' lang='lat' dir='ltr'>Du</span> <span class='ocrx_word' id='word_1_282' title='bbox 246 2791 318 2824; x_wconf 75' lang='lat' dir='ltr'>vin.</span> <span class='ocrx_word' id='word_1_283' title='bbox 336 2790 386 2823; x_wconf 87' lang='lat' dir='ltr'>Ce</span> <span class='ocrx_word' id='word_1_284' title='bbox 405 2801 483 2823; x_wconf 69' lang='lat' dir='ltr'>vase</span> <span class='ocrx_word' id='word_1_285' title='bbox 502 2789 546 2823; x_wconf 87' lang='lat' dir='ltr'>de</span> <span class='ocrx_word' id='word_1_286' title='bbox 570 2790 648 2825; x_wconf 84' lang='lat' dir='ltr'>bois</span> <span class='ocrx_word' id='word_1_287' title='bbox 666 2791 752 2825; x_wconf 74' lang='lat' dir='ltr'>etait</span> <span class='ocrx_word' id='word_1_288' title='bbox 784 2803 830 2824; x_wconf 82' lang='lat' dir='ltr'>un</span> <span class='ocrx_word' id='word_1_289' title='bbox 858 2789 961 2824; x_wconf 75' lang='lat' dir='ltr'>baril.</span> <span class='ocrx_word' id='word_1_290' title='bbox 995 2790 1142 2826; x_wconf 80' lang='lat' dir='ltr'>sseatillo</span> <span class='ocrx_word' id='word_1_291' title='bbox 1163 2792 1325 2839; x_wconf 78' lang='lat' dir='ltr'>l&#39;appelle</span> <span class='ocrx_word' id='word_1_292' title='bbox 1349 2810 1355 2828; x_wconf 75' lang='lat' dir='ltr'>r</span> <span class='ocrx_word' id='word_1_293' title='bbox 1379 2810 1450 2829; x_wconf 77' lang='lat' dir='ltr'>mm</span> 
     </span>
     <span class='ocr_line' id='line_1_36' title="bbox 49 2849 634 2895; baseline 0.003 -13"><span class='ocrx_word' id='word_1_294' title='bbox 49 2850 184 2893; x_wconf 76' lang='lat' dir='ltr'>Ju&#39;ccola</span> <span class='ocrx_word' id='word_1_295' title='bbox 204 2849 301 2883; x_wconf 67' lang='lat' dir='ltr'>bolla</span> <span class='ocrx_word' id='word_1_296' title='bbox 321 2862 342 2882; x_wconf 79' lang='grc' dir='ltr'>(ι</span> <span class='ocrx_word' id='word_1_297' title='bbox 361 2856 488 2894; x_wconf 77' lang='lat' dir='ltr'>porlar</span> <span class='ocrx_word' id='word_1_298' title='bbox 507 2862 634 2895; x_wconf 76' lang='lat' dir='ltr'>acqua.</span> 
     </span>
    </p>
   </div>
  </div>
 </body>
</html>
