2033 3445
53 300 188 349 [1082]
524 297 675 336 LlssER
704 298 970 336 SEPTIMUS.
1377 305 1446 341 191

53 384 182 430 tabor
213 400 293 429 cor
324 400 478 430 meum
509 389 643 446 angit
653 419 668 439 ,
697 385 946 448 praecipue
969 401 1060 447 pro
1093 385 1303 432 ecclesiis
1331 387 1449 444 Dei,

51 478 169 524 quas
191 459 382 525 afflixit.
411 459 664 505 Christiani
691 477 850 523 reges,
878 461 963 523 qui
989 471 1099 505 ante
1130 478 1203 506 me
1228 478 1453 523 regnave-

50 547 180 592 runt,
208 536 483 583 Ecclesiam
506 536 603 581 Dei
625 546 930 592 amaverunt,
954 535 1206 582 honoribus
1228 548 1271 582 et
1296 544 1452 586 xeniis

49 613 186 659 multi
206 614 392 676 generis
417 612 853 677 locupletaverunt,·
885 614 1010 659 unde
1042 631 1196 673 nunc,
1229 627 1279 660 ut
1303 617 1452 662 credi-

47 708 177 748 mus,
205 691 254 736 in
271 706 464 735 amoena
485 689 595 737 sede
599 689 750 753 felici
770 690 1070 738 retributione
1087 694 1355 756 gaudentes
1378 712 1452 739 re—

48 769 307 832 quiescunt.
351 768 636 814 Adelbertus
678 779 721 814 et
760 768 980 814 Edvinus
1018 787 1079 816 ac
1114 781 1311 817 sanctus
1356 771 1449 819 Os—

47 845 252 903 waldus,
301 844 532 908 Athulfits
572 864 632 892 ac
665 846 904 910 Alsiedus
915 885 931 905 ‚
982 848 1255 896 Edwardus
1295 855 1454 896 senior

45 935 87 969 et
110 922 344 987 Edgarus
357 962 370 981 ,
404 935 727 987 cognatusque
752 942 882 971 meus
910 937 952 971 et
978 927 1254 972 carissimus
1290 926 1449 973 domi-

43 1018 130 1046 nus
152 1000 430 1048 Edwardus
456 1001 689 1047 dederunt
711 1020 824 1067 opes
848 1004 896 1048 E
899 1003 1082 1049 cclesioe
1108 1015 1311 1062 sanctce,
1341 1022 1450 1068 quce

42 1089 110 1124 est
131 1095 310 1143 sponsa
326 1079 434 1125 Dei.
459 1081 508 1125 E
512 1090 527 1124 t
529 1076 699 1141 frater
716 1097 869 1136 meus,
904 1084 983 1126 cui
1009 1082 1152 1127 totius
1172 1087 1308 1145 regni
1330 1093 1446 1129 tute-

42 1157 136 1202 lam
175 1156 522 1214 commendavi,
557 1157 786 1203 violenter
805 1175 914 1222 opes
947 1159 1171 1222 diripuit,
1199 1160 1450 1207 crudeliter

35 1251 271 1298 pauperes
290 1238 521 1300 oppressit
530 1272 546 1291 ,
554 1234 742 1298 frivola
760 1254 841 1299 spe
857 1236 1029 1281 milites
1054 1235 1168 1281 mihi
1193 1240 1442 1302 surripuit,

40 1321 275 1375 totumque
318 1329 514 1375 regnum
551 1313 744 1376 injustis
791 1312 1123 1359 exactionibus
1172 1316 1444 1361 concutiens

39 1389 325 1451 exagitavit.
356 1389 492 1452 Quid
507 1389 619 1434 inde
632 1389 874 1452 agendum
891 1391 953 1435 sit
967 1401 1106 1436 caute
1124 1392 1440 1450 considerate,

37 1476 80 1510 et
101 1464 240 1523 mihi,
262 1483 441 1530 quoeso,
470 1467 723 1512 insinuate.

99 1541 310 1606 Cumque
332 1559 494 1589 omnes
514 1554 697 1589 tantum
722 1544 878 1589 virum
900 1544 1146 1603 timerent,
1173 1556 1219 1592 et
1248 1557 1441 1593 senten-

34 1619 145 1664 tiam
182 1619 230 1665 in
260 1619 395 1665 illum
425 1620 638 1683 proferre
671 1619 968 1677 dubitarent,
997 1623 1327 1685 magnanimus
1357 1641 1440 1670 rex

32 1696 94 1741 ait
119 1716 128 1741 :
155 1696 328 1743 Noxia
360 1699 594 1744 temeritas
626 1716 813 1763 semper
844 1700 1201 1762 comprimenda
1224 1712 1314 1758 est,
1355 1719 1440 1748 uec

33 1775 114 1819 uni
129 1774 199 1819 ad
217 1774 549 1820 detrimentum
569 1775 844 1839 reipublicce
857 1794 948 1840 pro
967 1777 1132 1840 aliquo
1129 1775 1310 1840 favore
1322 1797 1440 1843 pur-

30 1850 232 1897 cendum
266 1862 350 1897 est.
392 1852 539 1898 Hunc
573 1869 682 1914 ergo
718 1855 900 1909 virum,
937 1854 1023 1916 qui
1046 1863 1215 1898 terram
1252 1855 1434 1911 turbat,

31 1927 437 1993 comprehendite;
463 1941 530 1985 et,
558 1946 616 1974 ne
640 1932 688 1974 in
708 1928 916 1975 deterius
932 1930 1219 1994 prcevaleat‚
1246 1931 1442 1978 solerter

29 2005 264 2052 custodite.
290 2006 502 2070 Cumque
536 2007 694 2052 nullus
726 2007 773 2053 in
804 2007 1076 2071 episcopum
1112 2008 1304 2055 auderet
1329 2010 1437 2074 inji-

29 2099 132 2130 cere
155 2101 374 2140 manum,
403 2101 486 2130 rex
511 2084 608 2148 ipse
639 2084 821 2149 primus
844 2085 1157 2149 apprehendit
1192 2104 1317 2133 eum.
1346 2087 1435 2135 Illo

28 2172 179 2208 autem
205 2162 488 2209 reclamante
510 2183 519 2207 ε
548 2163 763 2210 Clericus
785 2182 908 2222 sum,
930 2174 973 2210 et
988 2166 1200 2211 nu'nister
1214 2166 1408 2212 Domini
1416 2187 1434 2221 ‚-

27 2257 121 2286 non
159 2240 266 2288 licet
291 2241 570 2306 pontificem
609 2241 844 2287 damnare
878 2245 982 2288 sine
1009 2243 1204 2307 judicio
1237 2247 1433 2309 Papce;

26 2317 249 2380 providus
274 2335 358 2365 rex
383 2320 447 2365 ait
481 2339 491 2364 ε
525 2320 633 2383 Ego
668 2337 762 2365 non
798 2319 1021 2367 clericum
1053 2338 1140 2367 nec
1174 2323 1431 2368 antistitem

27 2392 224 2452 damno,
251 2395 339 2441 sed
358 2397 576 2442 comitem
597 2413 751 2441 meum
779 2398 874 2458 (ι),
903 2414 1039 2461 quem
1063 2414 1166 2443 meo
1195 2402 1302 2444 vice
1326 2416 1432 2445 mea

21 2475 263 2537 praeposui
286 2490 452 2537 regne,
480 2474 710 2519 rationem
740 2476 999 2522 commissae
1015 2475 1327 2521 villicationis
1348 2495 1433 2522 au-

26 2549 126 2595 dire
149 2551 314 2597 volens
333 2551 696 2616 comprehendo.

88 2628 161 2674 Sic
205 2630 332 2694 regia
373 2641 574 2693 potestas
612 2630 861 2694 praefatum
903 2632 1153 2694 praesulem
1189 2632 1334 2694 cepit,
1383 2632 1429 2677 in

71 2787 120 2829 (1)
137 2786 265 2821 Comte
284 2788 329 2821 de
348 2789 452 2822 Rem,
