2085 3455
605 272 683 307 200
966 272 1209 310 HISTORIA
1241 271 1641 312 ECCLESIASTICA.
1873 279 2010 329 [1085]

601 373 722 415 mus,
736 355 1098 404 Ebroicensium
1111 376 1267 406 comes
1282 362 1371 424 (1),
1392 371 1553 425 captus
1566 372 1651 418 est,
1666 372 1713 407 et
1724 362 2012 412 Matthielius

600 433 658 479 de
676 434 841 481 Guitot
858 437 945 497 (2),
967 436 1088 482 filius
1105 437 1344 484 Godefridi
1364 439 1518 495 Parvi,
1545 438 1778 486 lethaliter
1797 442 2013 488 vulnera-

602 522 674 556 tus
690 523 774 557 est.
802 513 984 560 Deinde
1007 532 1031 559 a
1059 515 1328 578 lugentibus
1349 518 1595 580 armigeris
1615 528 1661 562 et
1678 519 2014 566 commilitoni-

601 586 686 633 bus
701 587 758 634 ad
775 587 1030 653 hospitium
1046 609 1181 636 suum
1201 603 1468 655 reportatus
1488 603 1573 649 est,
1596 604 1642 638 et
1660 610 1771 640 mox
1789 596 2013 642 accersito

600 666 843 714 sacerdote
877 679 1030 714 reatus
1067 686 1171 715 suos
1206 671 1439 716 consessus
1476 682 1564 727 est,
1607 682 1653 717 et
1681 689 1813 718 sacro
1844 673 2014 719 viatico

601 746 944 801 communitus,
986 744 1266 810 obitumque
1300 765 1435 793 suum
1473 749 1735 811 praestolari
1771 766 2014 813 praepara-

601 833 673 868 tus
696 834 780 869 est.

664 899 955 956 Normanni‚
983 903 1062 965 qui
1091 903 1407 949 munitionem
1433 903 1479 948 in
1505 903 1627 949 valle
1649 904 1840 967 Beugici
1866 915 2015 952 custo-

598 975 818 1032 diebant,
861 978 1083 1041 gravibus
1122 978 1306 1025 damnis
1344 980 1528 1036 afflicti,
1573 991 1618 1025 et
1649 980 2015 1028 fortissimorum

598 1054 787 1099 ensibus
811 1055 1024 1102 tirOnum
1051 1056 1319 1113 imminuti,
1349 1058 1588 1105 deteriora
1616 1057 1768 1105 adhuc
1798 1058 1885 1105 sibi
1913 1061 2016 1107 sor-

598 1131 858 1178 midabant.
884 1134 948 1178 Et
970 1135 1077 1198 quia
1103 1134 1372 1180 Hubertum
1401 1152 1487 1182 nec
1510 1135 1773 1199 probitate,
1801 1153 1888 1183 nec
1909 1137 2016 1183 feli-

599 1210 737 1256 citate
773 1229 995 1275 superare
1032 1212 1278 1270 valebant,
1316 1224 1497 1260 mutato
1536 1213 1690 1260 studio
1725 1215 2018 1279 consilioque

597 1287 655 1334 ad
674 1289 796 1353 regis
815 1290 1072 1336 amicitiam
1091 1307 1198 1336 eum
1218 1307 1440 1337 revocare
1461 1290 1722 1337 tentabant.
1742 1291 1828 1338 Ille
1845 1291 2017 1339 nihilo-

598 1367 778 1424 minus,
806 1367 915 1413 licet
944 1368 989 1413 in
1014 1367 1099 1414 hac
1124 1385 1292 1432 guerra
1318 1367 1494 1413 divitiis
1520 1386 1572 1415 ac
1596 1380 1826 1432 potestate
1849 1368 2017 1416 admo-

598 1441 714 1488 dum
757 1454 873 1489 esset
915 1444 1283 1503 corroboratus,
1332 1461 1509 1491 serenae
1555 1446 1679 1509 pacis
1719 1446 2018 1493 securitatem

598 1531 893 1585 p1²aeoptanS‚
925 1522 1186 1585 prudenter
1209 1523 1377 1568 annuit
1399 1534 1753 1586 sequestrorum
1777 1524 1849 1588 (3)
1877 1541 2018 1570 cona-

601 1598 742 1644 tibus.
781 1599 878 1645 Nee
914 1617 1049 1646 mora
1087 1600 1225 1664 legati
1265 1599 1322 1646 ad
1354 1617 1514 1665 regem
1552 1602 1597 1647 in
1635 1601 1858 1664 Angliam
1891 1602 2018 1647 missi

599 1689 726 1724 sunt.
752 1679 851 1724 Rex
876 1689 1032 1725 autem
1057 1689 1108 1724 ut
1132 1680 1370 1724 Herveum
1394 1680 1667 1737 Britonem‚
1691 1696 1833 1743 quem
1853 1680 2021 1744 magis-

602 1767 730 1801 trum
747 1756 957 1801 militum
974 1755 1282 1802 constituerat
1303 1757 1373 1819 (4)
1388 1792 1399 1812 ‚
1422 1767 1469 1802 et
1488 1756 1788 1814 Richerium,
1812 1757 2020 1822 aliosque

599 1832 781 1897 pugiles
806 1832 1063 1879 acerrimos
1094 1833 1325 1879 interiisse
1352 1833 1553 1891 audivit,
1590 1850 1820 1898 suumque
1849 1833 2020 1881 adver—

600 1912 777 1957 sarium
809 1911 931 1956 felici
962 1911 1150 1957 fortuna
1185 1910 1407 1973 provehi,
1443 1910 1747 1976 quotidieque
1775 1922 1940 1958 contra
1973 1929 2020 1959 se

601 1987 860 2034 confortari
892 1988 1147 2050 comperit,
1185 1988 1328 2033 nimia
1360 1988 1647 2050 procacitate
1675 1989 1721 2033 in
1754 1986 2019 2035 deteriora-

600 2065 784 2112 tionem
819 2064 1105 2128 praecipitari
1144 2081 1217 2110 res
1251 2081 1443 2111 suorum
1475 2064 1717 2127 praecavit.
1754 2064 2020 2113 Prudenter

602 2144 748 2207 igitur
771 2160 934 2190 omnes
958 2143 1227 2207 praeteritos
1257 2154 1412 2190 reatus
1443 2142 1659 2189 Huberto
1692 2142 1902 2190 indulsit.
1934 2145 2020 2192 Ille

600 2232 758 2268 autem
794 2232 981 2285 accepta
1017 2221 1265 2268 securitate
1303 2220 1360 2267 ad
1394 2238 1553 2285 regem
1588 2221 1934 2279 transfretavit,
1973 2233 2020 2269 et

600 2299 717 2347 facta
744 2301 869 2346 inter
895 2316 974 2346 eos
999 2300 1200 2346 amicitia
1226 2316 1368 2346 omne
1391 2309 1645 2362 paternum
1662 2299 1735 2363 jus
1758 2298 2019 2347 honorifice

645 2488 696 2532 (1)
714 2486 927 2521 Guillaume
940 2513 948 2528 ‚
971 2492 1090 2520 comte
1110 2478 1290 2520 d’Evreux
1305 2486 1315 2531 (
1330 2484 1370 2520 13
1388 2484 1584 2519 decembre
1607 2483 1763 2532 1067-18
1781 2484 1870 2519 avril
1896 2498 1907 2519 1
1919 2498 1931 2519 1
1943 2484 2015 2531 18).

646 2547 697 2592 (2)
711 2545 878 2580 Maihieu
891 2545 936 2579 de
954 2546 1062 2580 vitot
1078 2547 1179 2592 (pres
1194 2546 1226 2580 lc
1240 2545 1443 2591 'Neubourg
1456 2546 1481 2590 J.
1504 2544 1576 2579 Sur
1594 2556 1634 2579 ce
1652 2556 1880 2591 personnage
1899 2552 1936 2580 et
1954 2557 2018 2580 son

600 2606 724 2649 oncle,
746 2606 887 2640 Robert
903 2605 948 2640 de
969 2606 1076 2641 Yiiot
1089 2634 1098 2647 ,
1115 2618 1222 2652 voyez
1242 2605 1448 2648 ei—dessus,
1468 2611 1495 2638 t.
1515 2604 1571 2647 II,
1591 2617 1628 2650 p.
1654 2606 1717 2647 104
1732 2611 1769 2639 et
1791 2604 1866 2638 105.

647 2665 699 2714 (3)
726 2666 922 2713 Sequester
938 2671 992 2699 est
1009 2666 1085 2712 pris
1105 2666 1152 2700 ici
1172 2665 1261 2700 dans
1279 2664 1312 2700 le
1332 2675 1413 2698 sens
1433 2663 1478 2698 de
1498 2662 1715 2707 mediate-ur,
1736 2669 2013 2698 entremetteur.

647 2728 697 2772 (4)
727 2727 779 2761 Co
799 2738 1023 2773 personnage
1048 2739 1091 2760 ne
1115 2726 1234 2761 devait
1253 2726 1328 2761 'etre
1349 2737 1420 2772 que
1442 2723 1699 2759 commandant
1719 2736 1764 2759 en
1785 2723 1918 2759 second
1936 2735 2016 2758 sous

623 2786 906 2822 Man-le-Roux.
