2033 3445
572 268 720 306 LIBER
750 267 953 305 SEXTUS.
1405 270 1451 307 47

71 364 233 411 cardus
258 358 516 408 duodennis
540 371 656 419 puer
676 353 818 411 obiit,
845 354 952 398 etin
980 352 1166 397 ecclesia
1184 365 1352 400 sanctae
1370 356 1451 402 Dei

69 439 304 505 genitricis
329 434 488 481 Mariae
511 422 762 477 tumulatus
793 429 1003 494 quiescit.
1035 428 1266 475 Jordanus
1288 430 1453 479 deinde

69 515 280 564 successit
298 515 439 559 frater
458 511 573 574 ejus,
595 508 778 573 juvenis
798 506 1007 570 pulcher,
1029 505 1257 572 bonisque
1272 508 1454 572 pollens

69 591 291 640 moribus.
308 590 360 634 In
381 587 506 634 curia
520 585 711 631 Henrici
728 584 849 647 regis
868 584 991 629 inter
1013 600 1193 630 coaevos
1206 585 1448 643 militavit3

67 671 137 716 cui
153 667 370 731 praesatus
389 681 468 710 rex
489 661 768 727 prudentem
785 672 831 707 et
849 659 1094 723 pulchram
1109 662 1355 726 conjugem
1371 680 1453 709 no-

65 747 190 792 mine
213 744 443 790 Julianam
461 778 472 798 ‚
499 737 800 787 Godescalchi
833 737 1000 794 filiam,
1028 737 1179 796 dedit3
1216 756 1320 803 quae
1347 758 1453 787 cum

69 822 258 869 Adelide
283 820 441 884 regina
460 819 527 881 (ι)
552 816 607 864 de
634 816 925 863 Lovennensi
948 815 1138 880 regione
1164 818 1208 862 in
1235 816 1453 881 Angliam

65 901 191 946 venit
216 900 303 962 (2).

126 978 228 1023 Huc
246 991 389 1040 usque
410 974 465 1020 de
485 973 624 1020 rebus
647 973 692 1019 S.
716 972 900 1018 Ebrulfi
919 971 1099 1017 ‘diutius
1122 972 1306 1018 locutus
1325 989 1423 1018 sum
1438 1009 1451 1029 ‚

64 1073 168 1120 quae
192 1064 402 1100 nostrum
431 1068 596 1115 magna
622 1068 676 1096 ex
702 1060 833 1113 parte
860 1049 1060 1113 implent
1082 1049 1312 1095 libellum.
1342 1050 1455 1096 Inde

63 1131 177 1178 mihi
215 1147 372 1196 quaeso
409 1146 504 1175 non
539 1128 846 1192 indignentur
882 1127 1101 1183 lectores,
1137 1127 1196 1182 si,
1241 1126 1452 1173 beneficii

65 1210 238 1272 accepti
278 1224 486 1262 memor,
538 1206 693 1252 recolo
737 1216 920 1251 nostros
956 1204 1290 1251 benefactores.
1333 1205 1455 1268 Opto

65 1286 280 1351 equidem
301 1284 569 1330 fundatores
593 1294 639 1328 et
668 1282 909 1328 benivolos
935 1292 1259 1344 cooperatores
1291 1298 1452 1328 eorum

65 1363 239 1425 scripto
264 1359 589 1407 commendare
612 1358 761 1404 tenaci
781 1358 1020 1404 memoriae
1051 1368 1349 1420 posterorum
1365 1394 1377 1414 ,
1406 1370 1456 1403 ut

66 1439 148 1485 filii
174 1439 392 1485 Ecclesiae
414 1454 570 1483 coram
598 1437 694 1481 Deo
721 1435 765 1480 in
791 1444 1041 1497 conspectu
1061 1435 1336 1498 angelorum
1364 1453 1454 1480 mc-

66 1533 218 1563 mores
236 1516 328 1561 sint
357 1531 544 1569 eorum,
575 1529 778 1577 quorum
808 1510 1044 1557 beneficiis
1080 1512 1127 1556 in
1160 1510 1244 1558 hac
1268 1513 1455 1559 mortali

64 1594 155 1638 vita
170 1601 501 1647 sustentantur,
518 1589 573 1636 ad
588 1588 899 1653 peragendam
915 1590 1185 1635 servitutem
1200 1590 1457 1637 conditoris

64 1670 405 1715 universorum.
434 1668 554 1713 Hinc
585 1666 740 1713 victor
771 1665 978 1723 Abram,
1013 1677 1260 1731 postquam
1282 1686 1305 1713 a
1333 1667 1456 1715 caedc

64 1755 266 1809 quatuor
285 1761 448 1809 regum
470 1744 694 1789 remeavit
710 1779 722 1799 ,
745 1753 790 1788 et
808 1741 929 1789 Loth
950 1753 1169 1806 nepotem
1192 1762 1326 1790 suum
1351 1763 1456 1791 cum

65 1822 348 1886 concaptivis
367 1822 458 1867 suis
488 1821 730 1884 utriusque
760 1836 913 1876 sexu5‚
937 1831 982 1866 et
1004 1820 1257 1867 substantia
1286 1840 1362 1867 sua
1390 1839 1458 1869 re-

64 1899 220 1955 duxit,
241 1899 375 1945 sociis
393 1898 482 1943 suis
509 1908 559 1943 ut
575 1907 728 1960 partes
748 1914 847 1942 suas
870 1896 926 1942 de
952 1897 1111 1960 spoliis
1142 1897 1457 1945 Sodomorum

65 1976 328 2039 acciperent
346 1974 585 2038 praecepit.
605 1974 693 2020 Per
715 1972 916 2030 Abram,
940 1974 1019 2038 qui
1048 1975 1194 2020 Pater
1216 1976 1456 2022 Excelsus

66 2054 420 2116 interpretatur,
464 2053 654 2115 perfecti
688 2052 774 2098 viri
813 2051 1134 2116 designantur,
1174 2053 1253 2117 qui
1293 2064 1456 2100 contra

64 2130 294 2194 malignos
324 2130 513 2193 spiritus
545 2140 590 2175 et
625 2129 734 2175 vitia
771 2130 923 2175 carnis
961 2129 1171 2193 quotidie
1204 2129 1453 2185 dimicant,

65 2207 293 2253 mundum
338 2206 593 2271 mundique
650 2206 911 2270 principem
951 2217 1197 2270 superant,
1247 2218 1457 2256 terrenos

64 2285 201 2331 fastus
226 2296 271 2331 et
296 2285 525 2332 lenocinia
554 2284 703 2330 carnis
723 2284 1024 2341 conculcant,
1043 2302 1095 2330 ac
1119 2285 1261 2330 veluti
1285 2296 1457 2332 stercus

65 2374 301 2427 reputant.
323 2364 411 2409 Per
429 2362 550 2410 Loth
569 2381 593 2408 a
611 2361 821 2408 barbaris
841 2363 886 2408 in
909 2362 1224 2426 captivitatem
1244 2362 1454 2421 ductum,

66 2503 102 2511 -ιι

111 2579 159 2623 (1)
188 2579 359 2614 Ade'la‘i‘de
386 2579 430 2615 de
448 2580 624 2621 Louvani,
658 2580 727 2615 fille
752 2580 796 2614 de
815 2579 990 2615 Godefroi
1016 2581 1071 2623 12‘,
1092 2580 1147 2615 dit
1172 2580 1206 2615 le
1228 2580 1342 2614 Barba
1372 2589 1407 2615 et
1427 2581 1458 2614 le

69 2637 214 2681 (Ji-aud,
237 2646 353 2674 comte
372 2639 416 2674 de
438 2641 592 2676 Brabant
610 2648 643 2675 ct
666 2640 709 2675 de
728 2641 883 2675 Louvain
896 2668 904 2684 ‚
928 2647 962 2675 et
977 2640 1078 2675 ‹l'Idc
1095 2640 1139 2675 (le
1157 2640 1305 2680 Nannir,
1327 2642 1456 2686 (Sponsa

69 2697 241 2732 Henri1“
261 2711 306 2733 en
328 2711 423 2734 1121.

116 2757 162 2800 (2)
187 2757 230 2791 Lc
250 2769 290 2805 27
311 2759 392 2792 mai.
