2033 3445
89 265 289 310 [nmmum
312 263 429 310 1099]
601 262 754 300 LlBER
783 263 963 301 BONUS.
1418 268 1494 303 585

90 359 300 405 rexerat,
330 347 533 394 firmiter
564 347 799 411 spondens
827 349 958 413 quod
982 348 1256 396 Christianis
1281 350 1498 414 pacificus

89 437 231 482 esset,
259 436 306 472 et
328 425 476 471 multa
499 424 556 471 de
581 426 673 471 suis
698 426 903 473 libenter
924 427 1213 489 impartiret,
1243 439 1288 474 et
1310 445 1395 491 per
1419 440 1494 475 lo-

89 513 191 549 tum
214 520 418 568 regnum
438 521 572 549 suum
598 504 847 566 copiosum
867 515 1130 550 mercatum
1153 506 1493 568 suppeditaret,

88 580 178 626 nisi
203 579 260 626 ad
283 597 389 626 eum
409 579 827 626 exhereditandum
842 617 854 637 ,
883 581 956 627 vel
980 598 1181 644 regnum
1202 599 1336 627 suum
1354 582 1498 645 depo-

88 658 350 721 pulandum
391 658 684 705 Francorum
720 676 865 722 genus
913 658 1199 705 indomitum
1237 659 1493 705 anhelaret.

87 736 202 782 Inde
226 736 423 783 fidelitas
445 754 469 782 a
494 753 605 801 rege
625 735 903 783 Christianis
927 738 1042 783 sacta
1063 748 1148 783 est.
1172 736 1349 783 Deinde
1372 755 1393 781 a
1420 737 1499 782 Ca-

86 813 265 877 pharda
295 830 459 860 omnes
493 815 663 878 egressi
699 825 834 873 sunt,
868 826 913 861 et
945 832 1072 861 secus
1107 814 1305 860 flurium
1340 815 1498 860 Farsar

84 907 235 955 prope
258 890 515 938 Caesaream
537 902 682 938 castra
704 893 865 938 metati
890 903 1016 938 sunt.
1043 891 1218 938 Videns
1242 903 1397 937 autem
1415 909 1499 938 rex

84 969 290 1015 Francos
322 986 474 1032 prope
506 968 674 1014 urbem
711 987 841 1015 suam
875 969 1155 1032 hospitatos,
1193 967 1498 1015 vehementer

85 1046 314 1104 indoluit,
343 1056 390 1092 et
411 1046 628 1092 celeriter
654 1046 745 1092 illis
771 1046 872 1092 haec
889 1046 1133 1093 mandavit
1157 1066 1165 1091 ε
1190 1046 1497 1092 [Visiswnnzo

83 1124 300 1171 diluculo
320 1142 351 1171 cz
376 1126 587 1171 civitatis
611 1136 784 1171 nostroe
809 1125 1032 1171 suburbio
1052 1136 1213 1170 castra
1238 1134 1398 1170 vestra
1423 1141 1498 1168 re-

85 1203 352 1260 moveritis,
379 1200 644 1264 vosfoedas
662 1204 834 1249 initum
856 1202 1102 1249 violabitis
1114 1238 1130 1258 ,
1156 1219 1336 1265 nosque
1362 1201 1497 1246 vobis

84 1292 344 1327 mercatum
363 1283 660 1346 promissum
688 1281 980 1338 vetabimus,
1016 1297 1198 1343 nosque
1222 1278 1356 1325 nobis
1378 1295 1498 1342 pro-

84 1357 366 1404 videbimus.
393 1358 531 1404 Mane
553 1358 699 1422 igitur
721 1357 843 1405 sacto
858 1395 870 1415 ,
893 1357 1010 1404 duos
1034 1356 1091 1403 de
1120 1357 1211 1402 suis
1237 1355 1294 1401 ad
1322 1372 1399 1401 eos
1419 1354 1496 1399 di-

84 1435 232 1492 rexit,
260 1435 341 1500 qui
364 1435 468 1482 illos
491 1435 690 1483 evadare
724 1435 923 1483 fluvium
946 1435 1223 1492 edocerent,
1245 1445 1292 1480 et
1314 1434 1495 1480 exerci-

84 1524 185 1558 tum
209 1513 257 1559 in
275 1523 449 1558 terram
464 1514 666 1559 fertilem
687 1513 991 1560 deducerent.
1018 1514 1324 1558 Intraverunt
1343 1523 1494 1556 autem

82 1590 336 1656 quamdam
354 1591 525 1636 vallem
539 1592 746 1654 opimam
771 1602 817 1637 et
838 1591 1140 1654 locupletem,
1164 1590 1236 1635 cui
1259 1601 1496 1651 supererat

84 1668 346 1726 castellum,
362 1668 491 1732 quod
510 1669 750 1732 extemplo
766 1667 1038 1715 consulibus
1054 1668 1159 1714 secit
1177 1666 1492 1713 securitatem.

81 1744 350 1810 Depraedati
375 1756 482 1792 sunt
496 1762 611 1809 ergo
630 1746 907 1791 animalium
928 1744 984 1790 ad
1005 1745 1215 1808 quinque
1238 1742 1405 1788 millia.
1426 1741 1495 1786 lbi

80 1824 222 1869 etiam
269 1823 474 1868 multum
522 1821 818 1868 diversorum
864 1822 1203 1867 alimentorum
1252 1829 1495 1881 repertum

81 1911 172 1958 est,
195 1911 243 1946 et
269 1917 368 1963 pree
393 1900 608 1946 ubertate
635 1901 839 1964 gratuita
878 1910 975 1945 tota
1001 1898 1176 1943 Christi
1215 1897 1381 1942 militia
1420 1912 1496 1941 rc<-

80 1978 198 2025 fecta
220 1989 304 2024 est.
339 1978 605 2025 Castrenses
631 1979 774 2024 etiam
806 1976 1032 2024 exercitui
1067 1974 1300 2021 dederunt
1323 1990 1465 2037 equos
1482 2010 1492 2028 ,

81 2072 343 2119 aurumque
373 2055 701 2119 purissimum,
727 2055 1021 2118 multamque
1045 2052 1293 2116 pecuniam
1310 2087 1322 2106 ,
1349 2060 1395 2095 et
1412 2051 1493 2113 ju—

79 2142 306 2178 raverunt
328 2149 374 2178 se
408 2133 672 2196 peregrinis
695 2132 964 2178 nullatenus
987 2129 1204 2192 deinceps
1224 2128 1465 2174 nocituros
1480 2163 1491 2183 ,

76 2227 228 2275 neque
251 2209 450 2256 subinde
469 2221 734 2257 mercatum
754 2211 816 2256 eis
836 2208 1185 2273 prohibituros.
1214 2207 1491 2251 Manserunt

75 2297 233 2332 autem
273 2285 337 2331 ibi
372 2285 536 2332 diebus
565 2287 794 2351 quinque.
834 2286 1015 2341 Porro,
1049 2283 1156 2330 inde
1190 2282 1408 2345 digressi,
1435 2280 1487 2326 ad

74 2363 310 2428 quoddam.
343 2364 555 2410 Arabum
577 2365 911 2428 applicuerunt
944 2372 1166 2408 castrum.
1202 2360 1314 2405 Mox
1347 2359 1491 2421 igitur

75 2442 252 2488 castelli
275 2441 495 2489 dominus
534 2460 641 2489 cum
679 2442 743 2488 eis
781 2442 1024 2488 locuturus
1048 2439 1218 2493 exivit,
1246 2447 1291 2483 et
1326 2452 1490 2499 pacem

72 2520 208 2577 fecit,
238 2538 344 2585 quae
371 2522 561 2585 utrique
587 2521 710 2584 parti
738 2520 929 2584 placuit.
956 2518 1354 2581 Demigraverunt
1384 2512 1490 2558 indc

74 2596 131 2644 acl
155 2599 395 2645 civitatem
430 2599 702 2663 Cephaliam
726 2599 797 2662 (1)
815 2634 826 2654 ,
854 2598 1002 2643 muris
1034 2594 1403 2659 pulcherrimam
1443 2601 1482 2635 ei

120 2780 173 2823 (1)
198 2780 224 2814 ΙΙ
247 2781 393 2816 n‘oxisio
416 2783 494 2828 plus
513 2783 556 2815 ‹lv
578 2790 691 2817 traces
712 2782 756 2816 «ic
775 2789 867 2816 cette
890 2780 983 2814 xillv.
