2085 3455
496 265 515 299 8
852 263 1091 301 HISTORIA
1122 261 1522 298 ECCLESIASTICA.

497 349 556 393 ibi
578 351 965 406 sanctimoniales,
986 360 1031 394 et
1051 350 1096 394 in
1118 349 1199 394 Dei
1222 349 1350 394 cultu
1370 346 1491 394 bene
1509 360 1880 411 perseverarunt.

555 425 663 470 Post
679 425 873 489 longum
895 436 1092 488 tempus,
1113 443 1135 469 a
1156 424 1327 469 Carolo
1344 424 1514 470 accitus
1530 424 1548 486 (
1563 444 1568 468 ι
1582 425 1619 486 ),
1643 424 1884 469 Franciam

491 502 707 564 expetiit,
738 512 784 548 et
810 501 1066 548 honorilice
1099 511 1356 563 susceptus,
1385 517 1431 546 se
1462 500 1750 546 monachum
1785 500 1882 545 fieri

491 577 608 623 velle
631 577 899 623 denudavit.
923 578 1021 623 Rex
1048 577 1112 622 iili
1137 595 1243 623 cum
1262 577 1420 622 multis
1436 576 1621 622 fletibus
1641 578 1880 633 concessit,

490 664 534 698 et
559 652 615 698 de
639 652 860 699 thesauris
880 654 969 698 suis
992 652 1220 717 quidquid
1240 653 1396 710 vellet,
1424 653 1480 699 ad
1501 653 1739 699 ecclesiam
1758 671 1886 698 suam

489 728 668 776 deferre
691 730 841 793 jussit.
869 729 1145 775 Guillelmus
1175 741 1329 775 autem
1359 747 1520 776 omnes
1544 741 1753 775 terrenas
1776 746 1886 791 opes

492 806 690 868 respuit3
729 805 806 851 sed
839 804 1175 868 phylacterium
1211 804 1444 869 quoddam
1461 842 1473 862 ,
1514 816 1683 850 sanctae
1727 805 1885 849 Crucis

491 882 671 944 lignum
687 882 955 939 continens,
979 882 1221 945 requisivit
1243 893 1289 928 et
1307 882 1530 928 obtinuit.
1555 882 1675 928 Illud
1695 898 1881 943 nempe,

488 957 601 1003 dum
625 958 816 1005 Carolus
840 976 921 1005 rex
939 960 1096 1022 primo
1121 977 1246 1006 anno
1270 960 1454 1022 imperii
1471 960 1537 1005 sui
1558 959 1719 1006 Romae
1737 978 1886 1006 mora-

490 1045 643 1092 retur,
681 1036 1127 1098 Hierosolymitanus
1170 1035 1431 1098 patriarcha
1466 1052 1551 1098 per
1587 1035 1854 1082 Zachariam
1871 1073 1881 1090 ,

490 1113 646 1174 magni
690 1113 941 1158 testimonii
976 1112 1263 1158 sacerdotem
1282 1149 1293 1167 ,
1337 1113 1675 1158 transmiserat.
1715 1112 1883 1159 Audita

488 1188 748 1234 mutatione
772 1189 1011 1234 Guillelmi
1037 1199 1130 1235 tota
1158 1188 1323 1235 domus
1349 1190 1474 1253 regia
1499 1191 1762 1254 consurgit,
1790 1208 1885 1237 om-

490 1265 651 1327 nisque
673 1265 830 1310 civitas
851 1265 1004 1310 subito
1028 1266 1142 1310 ruit.
1168 1264 1311 1311 Adest
1336 1283 1501 1329 magna
1528 1284 1777 1329 procerum
1800 1270 1883 1314 sre-

487 1341 701 1404 quentia,
723 1352 769 1387 et
791 1342 980 1404 plorans
1005 1342 1149 1387 intrat
1170 1360 1276 1387 cum
1302 1343 1546 1399 violentia,
1572 1355 1617 1390 et
1633 1343 1884 1391 Guillelmo

488 1435 544 1463 ne
570 1416 751 1463 deserat
773 1435 850 1464 eos
873 1419 1101 1481 supplicat
1122 1436 1227 1464 cum
1253 1418 1440 1482 lugubri
1465 1421 1775 1483 qucrimonia.
1802 1421 1885 1466 Ille

486 1511 599 1541 vero
624 1495 707 1541 Dei
730 1495 835 1559 igne
859 1497 1058 1551 fervens,
1088 1496 1245 1542 omnia
1270 1496 1485 1559 reliquit,
1513 1508 1557 1542 et
1578 1515 1683 1543 cum
1705 1498 1883 1561 ingenti

489 1571 671 1618 honore
708 1572 956 1628 deductus,
991 1573 1213 1618 omnibus
1240 1573 1474 1628 valefecit,
1508 1574 1788 1638 demumque
1827 1575 1884 1620 ah

486 1649 691 1695 exercitu
712 1649 1004 1696 Francorum
1024 1667 1129 1695 cum
1148 1650 1363 1712 lacrymis
1381 1651 1642 1713 suspirante
1662 1651 1879 1698 discessit.

487 1725 559 1770 Ad
581 1726 899 1772 Brivatensem
938 1726 1091 1772 vicum
1125 1727 1191 1788 (2)
1218 1728 1518 1789 pervenienS,
1549 1747 1676 1775 arma
1713 1748 1789 1775 sua
1828 1730 1879 1775 ad

485 1802 630 1848 altare
666 1804 809 1850 sancti
854 1803 1028 1848 Juliani
1064 1804 1279 1865 martyris
1316 1804 1455 1851 offert
1493 1806 1586 1868 (ὅ),
1624 1807 1802 1870 galeam
1837 1820 1881 1854 et

485 1879 785 1941 spectabilem
804 1881 1016 1943 clypeum
1038 1881 1084 1926 in
1105 1881 1282 1943 templo
1306 1881 1360 1926 ad
1383 1884 1617 1928 tumulum
1640 1886 1878 1947 martyris,

484 1955 595 2002 soris
608 1973 721 2002 vero
741 1956 796 2002 ad
817 1958 986 2003 ostium
1002 1956 1272 2020 pharetram
1287 1969 1333 2003 et
1354 1977 1533 2016 arcum,
1558 1961 1720 2024 ingens
1739 1962 1883 2008 telum

484 2044 530 2078 et
550 2034 812 2080 versatilem
840 2033 1045 2097 gladium
1071 2035 1169 2081 Deo
1187 2046 1453 2097 praesentat.
1482 2036 1660 2083 Deinde
1679 2040 1884 2102 peregri-

485 2128 569 2155 nus
588 2111 759 2156 Christi
785 2128 870 2174 per
890 2111 1190 2175 Aquitaniam
1207 2112 1263 2158 ad
1285 2114 1619 2160 monasterium
1636 2128 1877 2178 properat,

530 2283 579 2326 (1)
597 2282 743 2328 D'apres
766 2282 797 2316 la
824 2282 975 2326 legende
999 2283 1194 2329 originale,
1216 2296 1255 2317 ce
1279 2296 1322 2317 ne
1341 2284 1394 2318 fut
1416 2285 1520 2330 point
1535 2284 1568 2318 lc
1590 2285 1643 2319 roi
1666 2286 1728 2332 qui
1747 2298 1879 2332 envoya

485 2339 661 2373 elicrchei·
688 2339 719 2373 lc
748 2340 860 2383 saint,
888 2341 977 2374 mais
1003 2340 1146 2375 celui-ci
1176 2342 1238 2388 qui
1262 2341 1328 2375 alla
1357 2341 1389 2375 le
1418 2349 1564 2376 trouver
1586 2342 1631 2376 de
1656 2355 1718 2377 son
1748 2356 1880 2391 propre

486 2405 727 2432 mouvemcnt.
750 2399 852 2433 Cette
869 2399 1062 2434 ‹leinarche
1083 2399 1161 2439 doit
1180 2400 1256 2434 etro
1272 2402 1465 2447 rapportee
1480 2404 1498 2434 a
1517 2401 1584 2435 l’an
1604 2401 1681 2436 806.

531 2457 580 2500 (2)
602 2456 996 2493 Brives-la-Gaillarde.

527 2515 577 2561 (5)
597 2517 939 2564 L³autelde1½glise
957 2518 1006 2552 du
1020 2518 1160 2553 celebre
1178 2519 1343 2565 chapitre
1360 2519 1404 2553 de
1421 2520 1659 2555 saint-Julien
1678 2521 1722 2555 de
1745 2521 1876 2555 Brives.

483 2578 563 2610 Aux
582 2582 629 2609 τκίε
647 2583 682 2610 et
701 2583 766 2610 xne
785 2577 907 2612 sicclcs
924 2578 973 2613 les
987 2591 1102 2613 armes
1114 2578 1257 2613 offertes
1275 2592 1340 2625 par
1356 2580 1448 2613 saint
1461 2579 1671 2615 Guillaume
1690 2581 1878 2614 existaient

482 2647 611 2670 encore
638 2635 726 2670 dans
755 2636 788 2671 le
815 2639 930 2671 tresor
959 2637 1004 2671 de
1031 2650 1070 2671 cc
1098 2637 1282 2684 chapitre,
1303 2645 1339 2672 ct
1356 2638 1562 2673 attestaient
1581 2652 1644 2685 par
1670 2639 1747 2674 leur
1775 2639 1878 2685 poids

481 2696 572 2729 aussi
591 2695 673 2729 bien
692 2708 762 2742 que
781 2708 845 2741 par
862 2696 957 2730 leurs
976 2696 1198 2732 dimensions
1214 2726 1219 2735 ,
1242 2697 1273 2731 la
1297 2697 1393 2731 taille
1410 2704 1444 2731 et
1463 2697 1493 2730 la
1514 2697 1612 2732 force
1638 2698 1685 2731 (lu
1713 2698 1878 2742 guerrici*

481 2754 541 2800 qni
560 2753 609 2788 les
629 2755 720 2788 avait
739 2756 893 2800 portecs.
