<?xml version="1.0" encoding="UTF-8"?>
<!DOCTYPE html PUBLIC "-//W3C//DTD XHTML 1.0 Transitional//EN"
    "http://www.w3.org/TR/xhtml1/DTD/xhtml1-transitional.dtd">
<html xmlns="http://www.w3.org/1999/xhtml" xml:lang="en" lang="en">
 <head>
  <title>
</title>
<meta http-equiv="Content-Type" content="text/html;charset=utf-8" />
  <meta name='ocr-system' content='tesseract 3.04.00' />
  <meta name='ocr-capabilities' content='ocr_page ocr_carea ocr_par ocr_line ocrx_word'/>
</head>
<body>
  <div class='ocr_page' id='page_1' title='image "./ordericivitalish03ordeuoft/ordericivitalish03ordeuoft_0527.png"; bbox 0 0 2033 3445; ppageno 0'>
   <div class='ocr_carea' id='block_1_1' title="bbox 0 2106 3 2203">
    <p class='ocr_par' dir='ltr' id='par_1_1' title="bbox 0 2068 3 2203">
     <span class='ocr_line' id='line_1_1' title="bbox 0 2106 3 2203; baseline 0 0"><span class='ocrx_word' id='word_1_1' title='bbox 0 2106 3 2203; x_wconf 55' lang='grc' dir='ltr'>ε</span> 
     </span>
    </p>
   </div>
   <div class='ocr_carea' id='block_1_2' title="bbox 5 2451 19 3295">
    <p class='ocr_par' dir='ltr' id='par_1_2' title="bbox 5 2451 19 3295">
     <span class='ocr_line' id='line_1_2' title="bbox 5 2451 19 3295; baseline 0 0"><span class='ocrx_word' id='word_1_2' title='bbox 5 2451 19 3295; x_wconf 95' lang='lat' dir='ltr'><strong> </strong></span> 
     </span>
    </p>
   </div>
   <div class='ocr_carea' id='block_1_3' title="bbox 42 300 1458 2460">
    <p class='ocr_par' dir='ltr' id='par_1_3' title="bbox 42 300 1458 2460">
     <span class='ocr_line' id='line_1_3' title="bbox 48 300 1442 355; baseline -0.007 -12"><span class='ocrx_word' id='word_1_3' title='bbox 48 305 183 355; x_wconf 76' lang='lat'>[1095]</span> <span class='ocrx_word' id='word_1_4' title='bbox 528 300 679 338; x_wconf 85' lang='lat' dir='ltr'>LIBER</span> <span class='ocrx_word' id='word_1_5' title='bbox 712 300 957 337; x_wconf 63' lang='lat' dir='ltr'>OCTAVUS.</span> <span class='ocrx_word' id='word_1_6' title='bbox 1374 304 1442 342; x_wconf 77' lang='lat'>421·</span> 
     </span>
     <span class='ocr_line' id='line_1_4' title="bbox 107 385 1451 448; baseline 0 -14"><span class='ocrx_word' id='word_1_7' title='bbox 107 387 406 434; x_wconf 88' lang='lat' dir='ltr'><strong>Belesmensis</strong></span> <span class='ocrx_word' id='word_1_8' title='bbox 423 387 588 433; x_wconf 89' lang='lat' dir='ltr'><strong>munio</strong></span> <span class='ocrx_word' id='word_1_9' title='bbox 604 402 782 432; x_wconf 87' lang='lat' dir='ltr'><strong>novum</strong></span> <span class='ocrx_word' id='word_1_10' title='bbox 801 385 1044 431; x_wconf 85' lang='lat' dir='ltr'><strong>castellum</strong></span> <span class='ocrx_word' id='word_1_11' title='bbox 1064 388 1134 448; x_wconf 84' lang='lat'><strong>(1)</strong></span> <span class='ocrx_word' id='word_1_12' title='bbox 1153 388 1259 432; x_wconf 83' lang='lat' dir='ltr'><strong>totis</strong></span> <span class='ocrx_word' id='word_1_13' title='bbox 1276 387 1451 434; x_wconf 80' lang='lat' dir='ltr'>nisibus</span> 
     </span>
     <span class='ocr_line' id='line_1_5' title="bbox 44 461 1450 527; baseline -0.003 -12"><span class='ocrx_word' id='word_1_14' title='bbox 44 468 277 516; x_wconf 87' lang='lat' dir='ltr'><strong>destruere</strong></span> <span class='ocrx_word' id='word_1_15' title='bbox 306 463 510 521; x_wconf 86' lang='lat' dir='ltr'><strong>studuit,</strong></span> <span class='ocrx_word' id='word_1_16' title='bbox 542 474 589 510; x_wconf 87' lang='lat' dir='ltr'><strong>et</strong></span> <span class='ocrx_word' id='word_1_17' title='bbox 620 479 843 527; x_wconf 75' lang='lat' dir='ltr'><strong>pagenses</strong></span> <span class='ocrx_word' id='word_1_18' title='bbox 872 461 930 508; x_wconf 89' lang='lat' dir='ltr'><strong>de</strong></span> <span class='ocrx_word' id='word_1_19' title='bbox 957 463 1089 510; x_wconf 89' lang='lat' dir='ltr'><strong>omni</strong></span> <span class='ocrx_word' id='word_1_20' title='bbox 1118 474 1345 526; x_wconf 77' lang='lat' dir='ltr'><strong>potestate</strong></span> <span class='ocrx_word' id='word_1_21' title='bbox 1372 483 1450 511; x_wconf 83' lang='lat' dir='ltr'><strong>sua</strong></span> 
     </span>
     <span class='ocr_line' id='line_1_6' title="bbox 44 539 1451 604; baseline -0.002 -13"><span class='ocrx_word' id='word_1_22' title='bbox 44 557 89 592; x_wconf 90' lang='lat' dir='ltr'><strong>et</strong></span> <span class='ocrx_word' id='word_1_23' title='bbox 109 543 345 590; x_wconf 86' lang='lat' dir='ltr'><strong>vicinitate</strong></span> <span class='ocrx_word' id='word_1_24' title='bbox 378 541 435 588; x_wconf 91' lang='lat' dir='ltr'><strong>ad</strong></span> <span class='ocrx_word' id='word_1_25' title='bbox 461 541 704 604; x_wconf 82' lang='lat' dir='ltr'><strong>angariam</strong></span> <span class='ocrx_word' id='word_1_26' title='bbox 729 541 799 603; x_wconf 86' lang='lat'><strong>(2)</strong></span> <span class='ocrx_word' id='word_1_27' title='bbox 826 550 996 604; x_wconf 85' lang='lat' dir='ltr'><strong>eoeptae</strong></span> <span class='ocrx_word' id='word_1_28' title='bbox 1020 539 1292 604; x_wconf 86' lang='lat' dir='ltr'><strong>dejectionis</strong></span> <span class='ocrx_word' id='word_1_29' title='bbox 1314 559 1451 588; x_wconf 91' lang='lat' dir='ltr'><strong>com—</strong></span> 
     </span>
     <span class='ocr_line' id='line_1_7' title="bbox 44 616 1451 686; baseline -0.002 -20"><span class='ocrx_word' id='word_1_30' title='bbox 44 620 178 686; x_wconf 88' lang='lat' dir='ltr'><strong>pulit.</strong></span> <span class='ocrx_word' id='word_1_31' title='bbox 198 619 262 665; x_wconf 91' lang='lat' dir='ltr'><strong>Et</strong></span> <span class='ocrx_word' id='word_1_32' title='bbox 279 619 388 683; x_wconf 86' lang='lat' dir='ltr'><strong>quia</strong></span> <span class='ocrx_word' id='word_1_33' title='bbox 409 617 623 664; x_wconf 89' lang='lat' dir='ltr'><strong>homines</strong></span> <span class='ocrx_word' id='word_1_34' title='bbox 642 617 799 663; x_wconf 84' lang='lat' dir='ltr'><strong>Sancti</strong></span> <span class='ocrx_word' id='word_1_35' title='bbox 818 616 1007 663; x_wconf 85' lang='lat' dir='ltr'><strong>Ebrulfi</strong></span> <span class='ocrx_word' id='word_1_36' title='bbox 1025 616 1083 663; x_wconf 92' lang='lat' dir='ltr'><strong>ad</strong></span> <span class='ocrx_word' id='word_1_37' title='bbox 1101 616 1451 681; x_wconf 84' lang='lat' dir='ltr'><strong>dissipationem</strong></span> 
     </span>
     <span class='ocr_line' id='line_1_8' title="bbox 45 693 1453 759; baseline -0.004 -14"><span class='ocrx_word' id='word_1_38' title='bbox 45 698 176 746; x_wconf 85' lang='lat' dir='ltr'><strong>castri</strong></span> <span class='ocrx_word' id='word_1_39' title='bbox 206 713 303 743; x_wconf 93' lang='lat' dir='ltr'><strong>non</strong></span> <span class='ocrx_word' id='word_1_40' title='bbox 337 696 601 751; x_wconf 85' lang='lat' dir='ltr'><strong>affuerunt,</strong></span> <span class='ocrx_word' id='word_1_41' title='bbox 636 696 744 759; x_wconf 86' lang='lat' dir='ltr'><strong>quia</strong></span> <span class='ocrx_word' id='word_1_42' title='bbox 772 694 943 741; x_wconf 89' lang='lat' dir='ltr'><strong>ditioni</strong></span> <span class='ocrx_word' id='word_1_43' title='bbox 970 695 1066 759; x_wconf 87' lang='lat' dir='ltr'><strong>ejus</strong></span> <span class='ocrx_word' id='word_1_44' title='bbox 1095 693 1231 740; x_wconf 88' lang='lat' dir='ltr'><strong>subdi</strong></span> <span class='ocrx_word' id='word_1_45' title='bbox 1257 695 1453 741; x_wconf 74' lang='lat' dir='ltr'><strong>minime</strong></span> 
     </span>
     <span class='ocr_line' id='line_1_9' title="bbox 42 772 1450 829; baseline -0.004 -6"><span class='ocrx_word' id='word_1_46' title='bbox 42 775 330 829; x_wconf 87' lang='lat' dir='ltr'><strong>debuerunt,</strong></span> <span class='ocrx_word' id='word_1_47' title='bbox 363 773 672 820; x_wconf 68' lang='lat' dir='ltr'><strong>vehementer</strong></span> <span class='ocrx_word' id='word_1_48' title='bbox 705 782 871 819; x_wconf 88' lang='lat' dir='ltr'><strong>contra</strong></span> <span class='ocrx_word' id='word_1_49' title='bbox 907 772 1166 819; x_wconf 88' lang='lat' dir='ltr'><strong>monachos</strong></span> <span class='ocrx_word' id='word_1_50' title='bbox 1198 773 1450 828; x_wconf 75' lang='lat' dir='ltr'><strong>intumuit,</strong></span> 
     </span>
     <span class='ocr_line' id='line_1_10' title="bbox 46 849 1454 917; baseline -0.004 -17"><span class='ocrx_word' id='word_1_51' title='bbox 46 865 91 901; x_wconf 87' lang='lat' dir='ltr'><strong>et</strong></span> <span class='ocrx_word' id='word_1_52' title='bbox 116 869 200 917; x_wconf 91' lang='lat' dir='ltr'><strong>per</strong></span> <span class='ocrx_word' id='word_1_53' title='bbox 229 869 378 898; x_wconf 86' lang='lat' dir='ltr'><strong>unum</strong></span> <span class='ocrx_word' id='word_1_54' title='bbox 407 868 587 897; x_wconf 90' lang='lat' dir='ltr'><strong>annum</strong></span> <span class='ocrx_word' id='word_1_55' title='bbox 618 851 828 915; x_wconf 79' lang='lat' dir='ltr'><strong>ingentia</strong></span> <span class='ocrx_word' id='word_1_56' title='bbox 859 849 1028 913; x_wconf 74' lang='lat' dir='ltr'><strong>damna</strong></span> <span class='ocrx_word' id='word_1_57' title='bbox 1054 851 1118 897; x_wconf 86' lang='lat' dir='ltr'><strong>eis</strong></span> <span class='ocrx_word' id='word_1_58' title='bbox 1142 850 1320 896; x_wconf 89' lang='lat' dir='ltr'><strong>intulit.</strong></span> <span class='ocrx_word' id='word_1_59' title='bbox 1348 851 1454 896; x_wconf 82' lang='lat' dir='ltr'><strong>Ho-</strong></span> 
     </span>
     <span class='ocr_line' id='line_1_11' title="bbox 47 927 1456 992; baseline -0.003 -15"><span class='ocrx_word' id='word_1_60' title='bbox 47 931 190 977; x_wconf 89' lang='lat' dir='ltr'><strong>mines</strong></span> <span class='ocrx_word' id='word_1_61' title='bbox 206 929 352 976; x_wconf 88' lang='lat' dir='ltr'><strong>sancti</strong></span> <span class='ocrx_word' id='word_1_62' title='bbox 372 929 517 992; x_wconf 85' lang='lat' dir='ltr'><strong>patris</strong></span> <span class='ocrx_word' id='word_1_63' title='bbox 536 927 725 974; x_wconf 78' lang='lat' dir='ltr'><strong>Ebrulfi</strong></span> <span class='ocrx_word' id='word_1_64' title='bbox 742 927 799 974; x_wconf 90' lang='lat' dir='ltr'><strong>ad</strong></span> <span class='ocrx_word' id='word_1_65' title='bbox 814 945 1008 975; x_wconf 86' lang='lat' dir='ltr'><strong>suorum</strong></span> <span class='ocrx_word' id='word_1_66' title='bbox 1028 943 1170 992; x_wconf 89' lang='lat' dir='ltr'><strong>opera</strong></span> <span class='ocrx_word' id='word_1_67' title='bbox 1194 939 1456 974; x_wconf 83' lang='lat' dir='ltr'><strong>castrorum</strong></span> 
     </span>
     <span class='ocr_line' id='line_1_12' title="bbox 48 1004 1458 1070; baseline -0.003 -16"><span class='ocrx_word' id='word_1_68' title='bbox 48 1008 275 1055; x_wconf 83' lang='lat' dir='ltr'><strong>violenter</strong></span> <span class='ocrx_word' id='word_1_69' title='bbox 299 1005 513 1070; x_wconf 82' lang='lat' dir='ltr'><strong>cogebat.</strong></span> <span class='ocrx_word' id='word_1_70' title='bbox 540 1005 902 1070; x_wconf 78' lang='lat' dir='ltr'><strong>Diffugientium</strong></span> <span class='ocrx_word' id='word_1_71' title='bbox 922 1023 1036 1052; x_wconf 84' lang='lat' dir='ltr'><strong>vero</strong></span> <span class='ocrx_word' id='word_1_72' title='bbox 1060 1004 1240 1069; x_wconf 82' lang='lat' dir='ltr'><strong>praedas</strong></span> <span class='ocrx_word' id='word_1_73' title='bbox 1262 1004 1458 1068; x_wconf 90' lang='lat' dir='ltr'><strong>diripie-</strong></span> 
     </span>
     <span class='ocr_line' id='line_1_13' title="bbox 49 1082 1457 1147; baseline -0.002 -16"><span class='ocrx_word' id='word_1_74' title='bbox 49 1085 148 1141; x_wconf 87' lang='lat' dir='ltr'><strong>bat,</strong></span> <span class='ocrx_word' id='word_1_75' title='bbox 182 1095 229 1130; x_wconf 87' lang='lat' dir='ltr'><strong>et</strong></span> <span class='ocrx_word' id='word_1_76' title='bbox 256 1085 407 1147; x_wconf 80' lang='lat' dir='ltr'><strong>ipsum</strong></span> <span class='ocrx_word' id='word_1_77' title='bbox 437 1082 717 1130; x_wconf 83' lang='lat' dir='ltr'><strong>coenobium</strong></span> <span class='ocrx_word' id='word_1_78' title='bbox 747 1100 793 1129; x_wconf 90' lang='lat' dir='ltr'><strong>se</strong></span> <span class='ocrx_word' id='word_1_79' title='bbox 820 1083 1173 1129; x_wconf 87' lang='lat' dir='ltr'><strong>destructurum</strong></span> <span class='ocrx_word' id='word_1_80' title='bbox 1202 1082 1457 1129; x_wconf 87' lang='lat' dir='ltr'><strong>crudeliter</strong></span> 
     </span>
     <span class='ocr_line' id='line_1_14' title="bbox 47 1159 1457 1218; baseline -0.002 -10"><span class='ocrx_word' id='word_1_81' title='bbox 47 1161 328 1218; x_wconf 77' lang='lat' dir='ltr'><strong>minabatur,</strong></span> <span class='ocrx_word' id='word_1_82' title='bbox 358 1161 447 1207; x_wconf 88' lang='lat' dir='ltr'><strong>nisi</strong></span> <span class='ocrx_word' id='word_1_83' title='bbox 474 1161 673 1208; x_wconf 88' lang='lat' dir='ltr'><strong>omnino</strong></span> <span class='ocrx_word' id='word_1_84' title='bbox 697 1160 783 1206; x_wconf 86' lang='lat' dir='ltr'><strong>sibi</strong></span> <span class='ocrx_word' id='word_1_85' title='bbox 799 1197 812 1217; x_wconf 92' lang='lat'><strong>,</strong></span> <span class='ocrx_word' id='word_1_86' title='bbox 843 1171 894 1207; x_wconf 92' lang='lat' dir='ltr'><strong>ut</strong></span> <span class='ocrx_word' id='word_1_87' title='bbox 914 1160 1134 1216; x_wconf 87' lang='lat' dir='ltr'><strong>domino,</strong></span> <span class='ocrx_word' id='word_1_88' title='bbox 1163 1161 1212 1206; x_wconf 84' lang='lat' dir='ltr'><strong>in</strong></span> <span class='ocrx_word' id='word_1_89' title='bbox 1237 1159 1457 1207; x_wconf 88' lang='lat' dir='ltr'><strong>omnibus</strong></span> 
     </span>
     <span class='ocr_line' id='line_1_15' title="bbox 48 1236 1454 1301; baseline -0.002 -17"><span class='ocrx_word' id='word_1_90' title='bbox 48 1238 444 1301; x_wconf 84' lang='lat' dir='ltr'><strong>manciparentur.</strong></span> <span class='ocrx_word' id='word_1_91' title='bbox 463 1238 678 1301; x_wconf 85' lang='lat' dir='ltr'><strong>Denique</strong></span> <span class='ocrx_word' id='word_1_92' title='bbox 698 1238 745 1283; x_wconf 86' lang='lat' dir='ltr'><strong>in</strong></span> <span class='ocrx_word' id='word_1_93' title='bbox 765 1248 949 1283; x_wconf 84' lang='lat' dir='ltr'><strong>tantum</strong></span> <span class='ocrx_word' id='word_1_94' title='bbox 971 1237 1120 1284; x_wconf 87' lang='lat' dir='ltr'><strong>crevit</strong></span> <span class='ocrx_word' id='word_1_95' title='bbox 1136 1237 1230 1300; x_wconf 80' lang='lat' dir='ltr'><strong>ejus</strong></span> <span class='ocrx_word' id='word_1_96' title='bbox 1251 1236 1454 1290; x_wconf 88' lang='lat' dir='ltr'><strong>vesania,</strong></span> 
     </span>
     <span class='ocr_line' id='line_1_16' title="bbox 49 1313 1455 1380; baseline -0.003 -18"><span class='ocrx_word' id='word_1_97' title='bbox 49 1326 248 1380; x_wconf 5' lang='lat' dir='ltr'><strong>utppene</strong></span> <span class='ocrx_word' id='word_1_98' title='bbox 279 1331 442 1363; x_wconf 89' lang='lat' dir='ltr'><strong>omnes</strong></span> <span class='ocrx_word' id='word_1_99' title='bbox 477 1315 800 1362; x_wconf 82' lang='lat' dir='ltr'><strong>ecclesiasticae</strong></span> <span class='ocrx_word' id='word_1_100' title='bbox 832 1314 1143 1378; x_wconf 86' lang='lat' dir='ltr'><strong>possessiones</strong></span> <span class='ocrx_word' id='word_1_101' title='bbox 1176 1314 1224 1359; x_wconf 87' lang='lat' dir='ltr'><strong>in</strong></span> <span class='ocrx_word' id='word_1_102' title='bbox 1250 1313 1455 1370; x_wconf 83' lang='lat' dir='ltr'><strong>vicinio,</strong></span> 
     </span>
     <span class='ocr_line' id='line_1_17' title="bbox 49 1389 1458 1458; baseline -0.004 -19"><span class='ocrx_word' id='word_1_103' title='bbox 49 1393 138 1458; x_wconf 83' lang='lat' dir='ltr'><strong>ejus</strong></span> <span class='ocrx_word' id='word_1_104' title='bbox 165 1391 570 1456; x_wconf 85' lang='lat' dir='ltr'><strong>depopularentur</strong></span> <span class='ocrx_word' id='word_1_105' title='bbox 600 1391 868 1438; x_wconf 87' lang='lat' dir='ltr'><strong>insolentia.</strong></span> <span class='ocrx_word' id='word_1_106' title='bbox 897 1389 1034 1437; x_wconf 87' lang='lat' dir='ltr'><strong>Unde</strong></span> <span class='ocrx_word' id='word_1_107' title='bbox 1062 1389 1281 1437; x_wconf 87' lang='lat' dir='ltr'><strong>monachi</strong></span> <span class='ocrx_word' id='word_1_108' title='bbox 1308 1389 1458 1435; x_wconf 87' lang='lat' dir='ltr'><strong>claus-</strong></span> 
     </span>
     <span class='ocr_line' id='line_1_18' title="bbox 50 1465 1457 1534; baseline -0.004 -17"><span class='ocrx_word' id='word_1_109' title='bbox 50 1471 182 1517; x_wconf 82' lang='lat' dir='ltr'><strong>trales</strong></span> <span class='ocrx_word' id='word_1_110' title='bbox 206 1470 338 1534; x_wconf 78' lang='lat' dir='ltr'><strong>gravi</strong></span> <span class='ocrx_word' id='word_1_111' title='bbox 371 1470 538 1516; x_wconf 85' lang='lat' dir='ltr'><strong>arctati</strong></span> <span class='ocrx_word' id='word_1_112' title='bbox 574 1480 683 1515; x_wconf 89' lang='lat' dir='ltr'><strong>sunt</strong></span> <span class='ocrx_word' id='word_1_113' title='bbox 710 1469 934 1532; x_wconf 86' lang='lat' dir='ltr'><strong>penuria,</strong></span> <span class='ocrx_word' id='word_1_114' title='bbox 972 1478 1019 1514; x_wconf 83' lang='lat' dir='ltr'><strong>et</strong></span> <span class='ocrx_word' id='word_1_115' title='bbox 1052 1467 1281 1531; x_wconf 78' lang='lat' dir='ltr'><strong>Rogerius</strong></span> <span class='ocrx_word' id='word_1_116' title='bbox 1317 1465 1457 1512; x_wconf 87' lang='lat' dir='ltr'><strong>abbas</strong></span> 
     </span>
     <span class='ocr_line' id='line_1_19' title="bbox 50 1544 1454 1612; baseline -0.004 -17"><span class='ocrx_word' id='word_1_117' title='bbox 50 1548 310 1612; x_wconf 86' lang='lat' dir='ltr'><strong>compulsus</strong></span> <span class='ocrx_word' id='word_1_118' title='bbox 335 1558 403 1594; x_wconf 87' lang='lat' dir='ltr'><strong>est</strong></span> <span class='ocrx_word' id='word_1_119' title='bbox 429 1547 671 1593; x_wconf 81' lang='lat' dir='ltr'><strong>Guillelmi</strong></span> <span class='ocrx_word' id='word_1_120' title='bbox 697 1547 819 1610; x_wconf 78' lang='lat' dir='ltr'><strong>regis</strong></span> <span class='ocrx_word' id='word_1_121' title='bbox 844 1544 1104 1592; x_wconf 75' lang='lat' dir='ltr'><strong>subsidium</strong></span> <span class='ocrx_word' id='word_1_122' title='bbox 1126 1544 1380 1608; x_wconf 86' lang='lat' dir='ltr'><strong>deposcere</strong></span> <span class='ocrx_word' id='word_1_123' title='bbox 1408 1544 1454 1589; x_wconf 89' lang='lat' dir='ltr'><strong>in</strong></span> 
     </span>
     <span class='ocr_line' id='line_1_20' title="bbox 50 1620 1456 1690; baseline -0.004 -18"><span class='ocrx_word' id='word_1_124' title='bbox 50 1625 240 1690; x_wconf 80' lang='lat' dir='ltr'><strong>Anglia,</strong></span> <span class='ocrx_word' id='word_1_125' title='bbox 271 1624 329 1671; x_wconf 88' lang='lat' dir='ltr'><strong>ad</strong></span> <span class='ocrx_word' id='word_1_126' title='bbox 359 1643 467 1671; x_wconf 90' lang='lat' dir='ltr'><strong>usus</strong></span> <span class='ocrx_word' id='word_1_127' title='bbox 499 1641 786 1689; x_wconf 79' lang='lat' dir='ltr'><strong>egenorum,</strong></span> <span class='ocrx_word' id='word_1_128' title='bbox 815 1623 988 1688; x_wconf 85' lang='lat' dir='ltr'><strong>quibus</strong></span> <span class='ocrx_word' id='word_1_129' title='bbox 1020 1622 1207 1685; x_wconf 76' lang='lat' dir='ltr'><strong>tyranni</strong></span> <span class='ocrx_word' id='word_1_130' title='bbox 1238 1620 1456 1685; x_wconf 89' lang='lat' dir='ltr'><strong>depopu—</strong></span> 
     </span>
     <span class='ocr_line' id='line_1_21' title="bbox 50 1698 1455 1762; baseline -0.004 -14"><span class='ocrx_word' id='word_1_131' title='bbox 50 1701 157 1749; x_wconf 87' lang='lat' dir='ltr'><strong>latio</strong></span> <span class='ocrx_word' id='word_1_132' title='bbox 183 1702 403 1749; x_wconf 86' lang='lat' dir='ltr'><strong>alimenta</strong></span> <span class='ocrx_word' id='word_1_133' title='bbox 430 1702 682 1748; x_wconf 86' lang='lat' dir='ltr'><strong>sustulerat</strong></span> <span class='ocrx_word' id='word_1_134' title='bbox 708 1701 981 1747; x_wconf 84' lang='lat' dir='ltr'><strong>necessaria.</strong></span> <span class='ocrx_word' id='word_1_135' title='bbox 1012 1699 1131 1745; x_wconf 86' lang='lat' dir='ltr'><strong>Aliis</strong></span> <span class='ocrx_word' id='word_1_136' title='bbox 1156 1714 1346 1762; x_wconf 87' lang='lat' dir='ltr'><strong>quoque</strong></span> <span class='ocrx_word' id='word_1_137' title='bbox 1372 1698 1455 1744; x_wconf 77' lang='lat' dir='ltr'><strong>Dei</strong></span> 
     </span>
     <span class='ocr_line' id='line_1_22' title="bbox 48 1775 1457 1845; baseline -0.004 -19"><span class='ocrx_word' id='word_1_138' title='bbox 48 1779 249 1838; x_wconf 77' lang='lat' dir='ltr'><strong>famulis,</strong></span> <span class='ocrx_word' id='word_1_139' title='bbox 284 1780 364 1845; x_wconf 88' lang='lat' dir='ltr'><strong>qui</strong></span> <span class='ocrx_word' id='word_1_140' title='bbox 401 1779 488 1826; x_wconf 88' lang='lat' dir='ltr'><strong>sub</strong></span> <span class='ocrx_word' id='word_1_141' title='bbox 522 1796 603 1834; x_wconf 91' lang='lat' dir='ltr'><strong>eo,</strong></span> <span class='ocrx_word' id='word_1_142' title='bbox 640 1779 714 1825; x_wconf 85' lang='lat' dir='ltr'><strong>vel</strong></span> <span class='ocrx_word' id='word_1_143' title='bbox 752 1779 800 1824; x_wconf 89' lang='lat' dir='ltr'><strong>in</strong></span> <span class='ocrx_word' id='word_1_144' title='bbox 834 1779 929 1842; x_wconf 89' lang='lat' dir='ltr'><strong>ejus</strong></span> <span class='ocrx_word' id='word_1_145' title='bbox 962 1777 1165 1832; x_wconf 88' lang='lat' dir='ltr'><strong>vicinio,</strong></span> <span class='ocrx_word' id='word_1_146' title='bbox 1202 1775 1457 1822; x_wconf 82' lang='lat' dir='ltr'><strong>crudeliter</strong></span> 
     </span>
     <span class='ocr_line' id='line_1_23' title="bbox 50 1852 1455 1921; baseline -0.004 -18"><span class='ocrx_word' id='word_1_147' title='bbox 50 1857 346 1915; x_wconf 83' lang='lat' dir='ltr'><strong>imminebat,</strong></span> <span class='ocrx_word' id='word_1_148' title='bbox 386 1874 557 1921; x_wconf 85' lang='lat' dir='ltr'><strong>eosque</strong></span> <span class='ocrx_word' id='word_1_149' title='bbox 586 1855 803 1920; x_wconf 83' lang='lat' dir='ltr'><strong>pluribus</strong></span> <span class='ocrx_word' id='word_1_150' title='bbox 830 1855 1014 1901; x_wconf 86' lang='lat' dir='ltr'><strong>damnis</strong></span> <span class='ocrx_word' id='word_1_151' title='bbox 1046 1865 1092 1900; x_wconf 89' lang='lat' dir='ltr'><strong>et</strong></span> <span class='ocrx_word' id='word_1_152' title='bbox 1126 1852 1455 1900; x_wconf 84' lang='lat' dir='ltr'><strong>afflictionibus</strong></span> 
     </span>
     <span class='ocr_line' id='line_1_24' title="bbox 48 1931 1456 1999; baseline -0.004 -18"><span class='ocrx_word' id='word_1_153' title='bbox 48 1933 214 1999; x_wconf 82' lang='lat' dir='ltr'><strong>absque</strong></span> <span class='ocrx_word' id='word_1_154' title='bbox 235 1933 558 1981; x_wconf 81' lang='lat' dir='ltr'><strong>misericordia</strong></span> <span class='ocrx_word' id='word_1_155' title='bbox 583 1949 704 1996; x_wconf 80' lang='lat' dir='ltr'><strong>saepe</strong></span> <span class='ocrx_word' id='word_1_156' title='bbox 730 1931 1057 1979; x_wconf 82' lang='lat' dir='ltr'><strong>contristabat.</strong></span> <span class='ocrx_word' id='word_1_157' title='bbox 1088 1932 1190 1978; x_wconf 91' lang='lat' dir='ltr'><strong>Hoc</strong></span> <span class='ocrx_word' id='word_1_158' title='bbox 1217 1931 1456 1994; x_wconf 81' lang='lat' dir='ltr'><strong>Sagienses</strong></span> 
     </span>
     <span class='ocr_line' id='line_1_25' title="bbox 48 2009 1455 2068; baseline -0.003 -10"><span class='ocrx_word' id='word_1_159' title='bbox 48 2022 92 2058; x_wconf 87' lang='lat' dir='ltr'><strong>et</strong></span> <span class='ocrx_word' id='word_1_160' title='bbox 118 2013 458 2068; x_wconf 82' lang='lat' dir='ltr'><strong>TroarnenseS‚</strong></span> <span class='ocrx_word' id='word_1_161' title='bbox 494 2011 583 2058; x_wconf 91' lang='lat' dir='ltr'><strong>hoc</strong></span> <span class='ocrx_word' id='word_1_162' title='bbox 612 2012 754 2057; x_wconf 81' lang='lat' dir='ltr'><strong>etiam</strong></span> <span class='ocrx_word' id='word_1_163' title='bbox 780 2020 1062 2056; x_wconf 87' lang='lat' dir='ltr'><strong>attestantur</strong></span> <span class='ocrx_word' id='word_1_164' title='bbox 1089 2009 1455 2055; x_wconf 87' lang='lat' dir='ltr'><strong>Cenomannen-</strong></span> 
     </span>
     <span class='ocr_line' id='line_1_26' title="bbox 48 2087 1456 2155; baseline -0.004 -18"><span class='ocrx_word' id='word_1_165' title='bbox 48 2106 112 2136; x_wconf 91' lang='lat' dir='ltr'><strong>ses</strong></span> <span class='ocrx_word' id='word_1_166' title='bbox 142 2091 234 2153; x_wconf 79' lang='lat'><strong>(3),</strong></span> <span class='ocrx_word' id='word_1_167' title='bbox 269 2091 349 2155; x_wconf 86' lang='lat' dir='ltr'><strong>qui</strong></span> <span class='ocrx_word' id='word_1_168' title='bbox 381 2107 468 2154; x_wconf 87' lang='lat' dir='ltr'><strong>per</strong></span> <span class='ocrx_word' id='word_1_169' title='bbox 498 2090 594 2153; x_wconf 84' lang='lat' dir='ltr'><strong>ejus</strong></span> <span class='ocrx_word' id='word_1_170' title='bbox 625 2088 852 2135; x_wconf 62' lang='lat' dir='ltr'><strong>saevitiam</strong></span> <span class='ocrx_word' id='word_1_171' title='bbox 885 2098 931 2134; x_wconf 88' lang='lat' dir='ltr'><strong>et</strong></span> <span class='ocrx_word' id='word_1_172' title='bbox 968 2088 1158 2151; x_wconf 86' lang='lat' dir='ltr'><strong>injustas</strong></span> <span class='ocrx_word' id='word_1_173' title='bbox 1190 2087 1456 2133; x_wconf 85' lang='lat' dir='ltr'><strong>exactiones</strong></span> 
     </span>
     <span class='ocr_line' id='line_1_27' title="bbox 47 2164 1258 2232; baseline -0.003 -19"><span class='ocrx_word' id='word_1_174' title='bbox 47 2168 315 2232; x_wconf 80' lang='lat' dir='ltr'><strong>frequenter</strong></span> <span class='ocrx_word' id='word_1_175' title='bbox 339 2169 405 2214; x_wconf 89' lang='lat' dir='ltr'><strong>ira</strong></span> <span class='ocrx_word' id='word_1_176' title='bbox 429 2166 713 2230; x_wconf 80' lang='lat' dir='ltr'><strong>tristitiaque</strong></span> <span class='ocrx_word' id='word_1_177' title='bbox 737 2165 1004 2229; x_wconf 82' lang='lat' dir='ltr'><strong>expalluere</strong></span> <span class='ocrx_word' id='word_1_178' title='bbox 1030 2164 1258 2228; x_wconf 82' lang='lat' dir='ltr'><strong>lugentes.</strong></span> 
     </span>
     <span class='ocr_line' id='line_1_28' title="bbox 109 2242 1456 2310; baseline -0.004 -19"><span class='ocrx_word' id='word_1_179' title='bbox 109 2245 324 2310; x_wconf 84' lang='lat' dir='ltr'><strong>Sagiense</strong></span> <span class='ocrx_word' id='word_1_180' title='bbox 358 2261 548 2310; x_wconf 87' lang='lat' dir='ltr'><strong>quoque</strong></span> <span class='ocrx_word' id='word_1_181' title='bbox 576 2244 867 2307; x_wconf 84' lang='lat' dir='ltr'><strong>episcopium</strong></span> <span class='ocrx_word' id='word_1_182' title='bbox 895 2242 1164 2289; x_wconf 85' lang='lat' dir='ltr'><strong>Rodbertus</strong></span> <span class='ocrx_word' id='word_1_183' title='bbox 1195 2251 1359 2288; x_wconf 89' lang='lat' dir='ltr'><strong>contra</strong></span> <span class='ocrx_word' id='word_1_184' title='bbox 1380 2242 1456 2305; x_wconf 89' lang='lat' dir='ltr'><strong>jus</strong></span> 
     </span>
     <span class='ocr_line' id='line_1_29' title="bbox 49 2318 1455 2386; baseline -0.004 -18"><span class='ocrx_word' id='word_1_185' title='bbox 49 2331 93 2369; x_wconf 85' lang='lat' dir='ltr'><strong>et</strong></span> <span class='ocrx_word' id='word_1_186' title='bbox 111 2323 174 2368; x_wconf 80' lang='lat' dir='ltr'><strong>sas</strong></span> <span class='ocrx_word' id='word_1_187' title='bbox 196 2321 565 2386; x_wconf 86' lang='lat' dir='ltr'><strong>comprimebat,</strong></span> <span class='ocrx_word' id='word_1_188' title='bbox 592 2331 638 2366; x_wconf 88' lang='lat' dir='ltr'><strong>et</strong></span> <span class='ocrx_word' id='word_1_189' title='bbox 661 2320 917 2366; x_wconf 85' lang='lat' dir='ltr'><strong>Guillelmo</strong></span> <span class='ocrx_word' id='word_1_190' title='bbox 941 2319 1222 2366; x_wconf 87' lang='lat' dir='ltr'><strong>Belesmensi</strong></span> <span class='ocrx_word' id='word_1_191' title='bbox 1249 2335 1337 2364; x_wconf 87' lang='lat' dir='ltr'><strong>avo</strong></span> <span class='ocrx_word' id='word_1_192' title='bbox 1360 2318 1455 2382; x_wconf 89' lang='lat' dir='ltr'><strong>ejus</strong></span> 
     </span>
     <span class='ocr_line' id='line_1_30' title="bbox 49 2396 1455 2460; baseline -0.001 -16"><span class='ocrx_word' id='word_1_193' title='bbox 49 2415 73 2444; x_wconf 91' lang='lat' dir='ltr'><strong>a</strong></span> <span class='ocrx_word' id='word_1_194' title='bbox 97 2399 295 2447; x_wconf 83' lang='lat' dir='ltr'><strong>Ricardo</strong></span> <span class='ocrx_word' id='word_1_195' title='bbox 318 2400 436 2446; x_wconf 88' lang='lat' dir='ltr'><strong>duce</strong></span> <span class='ocrx_word' id='word_1_196' title='bbox 460 2399 623 2445; x_wconf 86' lang='lat' dir='ltr'><strong>datum</strong></span> <span class='ocrx_word' id='word_1_197' title='bbox 647 2396 904 2454; x_wconf 83' lang='lat' dir='ltr'><strong>asserebat,</strong></span> <span class='ocrx_word' id='word_1_198' title='bbox 933 2407 978 2443; x_wconf 90' lang='lat' dir='ltr'><strong>et</strong></span> <span class='ocrx_word' id='word_1_199' title='bbox 1001 2396 1163 2442; x_wconf 88' lang='lat' dir='ltr'><strong>multis</strong></span> <span class='ocrx_word' id='word_1_200' title='bbox 1186 2396 1455 2460; x_wconf 74' lang='lat' dir='ltr'><strong>oppressio-</strong></span> 
     </span>
    </p>
   </div>
   <div class='ocr_carea' id='block_1_4' title="bbox 265 2509 1005 2515">
    <p class='ocr_par' dir='ltr' id='par_1_4' title="bbox 265 2509 1005 2515">
     <span class='ocr_line' id='line_1_31' title="bbox 265 2509 1005 2515; baseline 0 0"><span class='ocrx_word' id='word_1_201' title='bbox 265 2509 1005 2515; x_wconf 95' lang='lat' dir='ltr'><strong> </strong></span> 
     </span>
    </p>
   </div>
   <div class='ocr_carea' id='block_1_5' title="bbox 52 2559 1457 2841">
    <p class='ocr_par' dir='ltr' id='par_1_5' title="bbox 52 2559 1457 2728">
     <span class='ocr_line' id='line_1_32' title="bbox 93 2559 1457 2610; baseline -0.001 -15"><span class='ocrx_word' id='word_1_202' title='bbox 93 2561 142 2606; x_wconf 86' lang='lat'><strong>(1)</strong></span> <span class='ocrx_word' id='word_1_203' title='bbox 155 2561 184 2596; x_wconf 95' lang='lat' dir='ltr'><strong>Il</strong></span> <span class='ocrx_word' id='word_1_204' title='bbox 197 2574 242 2597; x_wconf 88' lang='lat' dir='ltr'><strong>ne</strong></span> <span class='ocrx_word' id='word_1_205' title='bbox 256 2563 360 2610; x_wconf 81' lang='lat' dir='ltr'><strong>s&#39;agit</strong></span> <span class='ocrx_word' id='word_1_206' title='bbox 376 2576 438 2609; x_wconf 79' lang='lat' dir='ltr'><strong>pas</strong></span> <span class='ocrx_word' id='word_1_207' title='bbox 453 2563 498 2597; x_wconf 81' lang='lat' dir='ltr'><strong>ici</strong></span> <span class='ocrx_word' id='word_1_208' title='bbox 515 2562 559 2597; x_wconf 89' lang='lat' dir='ltr'><strong>de</strong></span> <span class='ocrx_word' id='word_1_209' title='bbox 572 2562 788 2597; x_wconf 64' lang='lat' dir='ltr'><strong>Nenfchaitel</strong></span> <span class='ocrx_word' id='word_1_210' title='bbox 801 2574 847 2596; x_wconf 88' lang='lat' dir='ltr'><strong>en</strong></span> <span class='ocrx_word' id='word_1_211' title='bbox 863 2562 1040 2596; x_wconf 83' lang='lat' dir='ltr'><strong>Saonnois</strong></span> <span class='ocrx_word' id='word_1_212' title='bbox 1052 2589 1060 2603; x_wconf 91' lang='lat'><strong>,</strong></span> <span class='ocrx_word' id='word_1_213' title='bbox 1081 2573 1152 2608; x_wconf 89' lang='lat' dir='ltr'><strong>que</strong></span> <span class='ocrx_word' id='word_1_214' title='bbox 1170 2560 1312 2595; x_wconf 83' lang='lat' dir='ltr'><strong>Robcrt</strong></span> <span class='ocrx_word' id='word_1_215' title='bbox 1327 2559 1457 2594; x_wconf 72' lang='lat' dir='ltr'><strong>n&#39;avait</strong></span> 
     </span>
     <span class='ocr_line' id='line_1_33' title="bbox 52 2620 1456 2669; baseline -0.001 -16"><span class='ocrx_word' id='word_1_216' title='bbox 52 2631 164 2655; x_wconf 83' lang='lat' dir='ltr'><strong>aucun</strong></span> <span class='ocrx_word' id='word_1_217' title='bbox 183 2622 317 2657; x_wconf 65' lang='lat' dir='ltr'><strong>interct</strong></span> <span class='ocrx_word' id='word_1_218' title='bbox 335 2625 354 2656; x_wconf 74' lang='grc' dir='ltr'><strong>Ξι</strong></span> <span class='ocrx_word' id='word_1_219' title='bbox 373 2622 555 2666; x_wconf 76' lang='lat' dir='ltr'><strong>detruire,</strong></span> <span class='ocrx_word' id='word_1_220' title='bbox 578 2621 750 2669; x_wconf 69' lang='lat' dir='ltr'><strong>puisqu&#39;il</strong></span> <span class='ocrx_word' id='word_1_221' title='bbox 770 2621 820 2655; x_wconf 85' lang='lat' dir='ltr'><strong>lui</strong></span> <span class='ocrx_word' id='word_1_222' title='bbox 843 2622 1091 2668; x_wconf 80' lang='lat' dir='ltr'><strong>appartenait,</strong></span> <span class='ocrx_word' id='word_1_223' title='bbox 1113 2621 1202 2655; x_wconf 87' lang='lat' dir='ltr'><strong>mais</strong></span> <span class='ocrx_word' id='word_1_224' title='bbox 1221 2620 1271 2654; x_wconf 85' lang='lat' dir='ltr'><strong>du</strong></span> <span class='ocrx_word' id='word_1_225' title='bbox 1292 2631 1456 2653; x_wconf 83' lang='lat' dir='ltr'><strong>nouveau</strong></span> 
     </span>
     <span class='ocr_line' id='line_1_34' title="bbox 52 2677 1453 2728; baseline -0.003 -15"><span class='ocrx_word' id='word_1_226' title='bbox 52 2677 198 2714; x_wconf 69' lang='lat' dir='ltr'><strong>chateau</strong></span> <span class='ocrx_word' id='word_1_227' title='bbox 215 2679 261 2715; x_wconf 86' lang='lat' dir='ltr'><strong>dc</strong></span> <span class='ocrx_word' id='word_1_228' title='bbox 282 2681 488 2728; x_wconf 78' lang='lat' dir='ltr'><strong>Montaigu,</strong></span> <span class='ocrx_word' id='word_1_229' title='bbox 516 2682 604 2728; x_wconf 82' lang='lat' dir='ltr'><strong>qu’il</strong></span> <span class='ocrx_word' id='word_1_230' title='bbox 624 2682 712 2716; x_wconf 74' lang='lat' dir='ltr'><strong>ctait</strong></span> <span class='ocrx_word' id='word_1_231' title='bbox 734 2680 925 2727; x_wconf 77' lang='lat' dir='ltr'><strong>iuipaticnt</strong></span> <span class='ocrx_word' id='word_1_232' title='bbox 942 2680 987 2714; x_wconf 84' lang='lat' dir='ltr'><strong>de</strong></span> <span class='ocrx_word' id='word_1_233' title='bbox 1004 2680 1083 2714; x_wconf 79' lang='lat' dir='ltr'><strong>vo&#39;n·</strong></span> <span class='ocrx_word' id='word_1_234' title='bbox 1100 2679 1344 2714; x_wconf 63' lang='lat' dir='ltr'><strong>entierement</strong></span> <span class='ocrx_word' id='word_1_235' title='bbox 1365 2678 1453 2711; x_wconf 65' lang='lat' dir='ltr'><strong>vase.</strong></span> 
     </span>
    </p>

    <p class='ocr_par' dir='ltr' id='par_1_6' title="bbox 95 2737 362 2783">
     <span class='ocr_line' id='line_1_35' title="bbox 95 2737 362 2783; baseline 0.011 -11"><span class='ocrx_word' id='word_1_236' title='bbox 95 2737 145 2783; x_wconf 84' lang='lat'><strong>(2)</strong></span> <span class='ocrx_word' id='word_1_237' title='bbox 163 2740 207 2773; x_wconf 83' lang='lat' dir='ltr'><strong>La</strong></span> <span class='ocrx_word' id='word_1_238' title='bbox 225 2742 362 2775; x_wconf 64' lang='lat' dir='ltr'><strong>corvdc.</strong></span> 
     </span>
    </p>

    <p class='ocr_par' dir='ltr' id='par_1_7' title="bbox 96 2796 1407 2841">
     <span class='ocr_line' id='line_1_36' title="bbox 96 2796 1407 2841; baseline -0.01 0"><span class='ocrx_word' id='word_1_239' title='bbox 96 2796 143 2841; x_wconf 62' lang='lat'><strong>(3)</strong></span> <span class='ocrx_word' id='word_1_240' title='bbox 163 2799 225 2833; x_wconf 61' lang='lat' dir='ltr'><strong>¹de</strong></span> <span class='ocrx_word' id='word_1_241' title='bbox 246 2801 382 2835; x_wconf 72' lang='lat' dir='ltr'><strong>moines</strong></span> <span class='ocrx_word' id='word_1_242' title='bbox 403 2801 446 2835; x_wconf 74' lang='lat' dir='ltr'><strong>(lc</strong></span> <span class='ocrx_word' id='word_1_243' title='bbox 468 2801 728 2836; x_wconf 49' lang='lat' dir='ltr'><strong>&amp;tint—Martini</strong></span> <span class='ocrx_word' id='word_1_244' title='bbox 749 2800 791 2833; x_wconf 79' lang='lat' dir='ltr'><strong>‹lc</strong></span> <span class='ocrx_word' id='word_1_245' title='bbox 813 2800 915 2835; x_wconf 62' lang='lat' dir='ltr'><strong>seez,</strong></span> <span class='ocrx_word' id='word_1_246' title='bbox 937 2798 980 2833; x_wconf 75' lang='lat' dir='ltr'><strong>de</strong></span> <span class='ocrx_word' id='word_1_247' title='bbox 1002 2799 1144 2833; x_wconf 73' lang='lat' dir='ltr'><strong>&#39;l&#39;roarn</strong></span> <span class='ocrx_word' id='word_1_248' title='bbox 1166 2804 1201 2832; x_wconf 79' lang='lat' dir='ltr'><strong>et</strong></span> <span class='ocrx_word' id='word_1_249' title='bbox 1222 2797 1269 2831; x_wconf 76' lang='lat' dir='ltr'><strong>‹lu</strong></span> <span class='ocrx_word' id='word_1_250' title='bbox 1294 2798 1407 2831; x_wconf 48' lang='lat' dir='ltr'><strong>Maur„</strong></span> 
     </span>
    </p>
   </div>
  </div>
 </body>
</html>
