2085 3455
576 285 654 323 :354
938 284 1179 320 HISTORIA
1212 282 1611 319 ECCLESIASTlCA.
1841 287 1976 334 [1090]

579 381 672 417 tem
697 371 918 435 eligeret,
946 369 1064 427 dux,
1098 367 1484 433 persuadentibus
1518 369 1703 427 amicis,
1731 385 1790 415 ne
1822 372 1976 432 perni-

578 450 696 494 ciem
756 448 1052 494 inhonestam
1124 446 1290 493 stolide
1348 447 1612 492 incurreret
1640 483 1652 502 ,
1713 447 1979 511 cunctisque

578 526 864 572 Normannis
898 542 1105 588 perenne
1139 523 1453 587 opprobrium
1478 524 1634 580 fieret,
1662 524 1842 586 fugiens
1877 542 1981 570 cum

579 604 752 665 paucis,
773 619 857 665 per
873 602 1150 647 orientalem
1174 612 1359 663 portam
1382 601 1453 663 (1)
1474 618 1682 663 egressus
1702 611 1787 655 est,
1811 612 1856 645 et
1873 618 1981 647 mox

577 699 598 726 a
623 679 905 727 suburbanis
925 679 1011 725 *cici
1031 716 1041 734 ‚
1070 679 1147 742 qui
1175 679 1295 724 Mala
1318 679 1452 723 Palus
1475 678 1649 724 dicitnr
1666 679 1735 741 (2)
1753 713 1764 732 ,
1788 677 1983 724 fideliter

581 769 632 803 ut
657 757 865 820 specialis
889 756 1028 802 herus
1064 767 1300 818 susceptus
1331 767 1412 801 est.
1437 755 1614 801 Deinde
1638 754 1801 817 cymba
1829 767 1983 818 parata

577 836 837 899 Sequanam
864 835 1080 889 intravit,
1104 844 1149 878 et
1168 833 1335 879 relicto
1358 845 1461 896 post
1484 844 1612 896 terga
1633 832 1872 889 conflictu,
1898 844 1986 879 tre-

578 911 713 973 pidus
735 909 791 955 ad
814 908 1149 955 Ermentrudis
1172 909 1331 954 villam
1354 909 1424 971 (ὅ)
1450 909 1704 972 navigavit„
1733 909 1866 954 Tunc
1893 907 1987 954 ibi-

579 987 687 1033 dem
712 1006 735 1032 a
761 987 1015 1033 Guillelmo
1035 986 1091 1032 de
1116 985 1302 1042 Archis,
1327 986 1617 1032 Molismensi
1642 985 1875 1032 monacho
1897 987 1984 1048 (a),

577 1075 814 1127 susceptus
855 1075 948 1118 est,
995 1062 1154 1127 ibique
1195 1064 1240 1108 in
1283 1063 1468 1109 basilica
1508 1064 1688 1109 Sanctae
1731 1063 1894 1108 Mariae
1934 1063 1989 1109 de

579 1141 722 1187 Prato
750 1142 820 1204 (5)
841 1141 985 1187 finem
1009 1151 1261 1187 commotae
1289 1140 1529 1187 seditionis
1553 1141 1849 1204 praestolatus
1871 1150 1955 1186 est.

643 1218 897 1281 Postquam
929 1216 1220 1263 Gislebertus
1253 1215 1546 1281 Aquilensis‚
1582 1228 1678 1261 tam
1708 1217 1884 1262 virtute
1914 1233 1990 1261 sua

580 1312 895 1359 suorumque,
923 1312 1063 1359 quam
1095 1289 1335 1358 juvamine
1365 1295 1536 1341 civium
1555 1331 1567 1352 ‚
1594 1295 1672 1358 qui
1710 1293 1991 1357 proditionis

580 1373 832 1436 participes
864 1389 962 1418 non
990 1383 1153 1428 erant,
1184 1373 1437 1418 australem
1467 1382 1655 1435 portam
1688 1371 1922 1427 obtinuit,
1948 1381 1993 1416 et

579 1451 785 1497 Henrico
815 1451 1010 1514 aliisque
1037 1450 1167 1496 ducis
1198 1450 1502 1496 auxiliaribus
1528 1450 1802 1506 associatus,
1830 1460 1994 1496 contra

579 1526 779 1573 rebelles
804 1527 851 1572 in
878 1527 995 1572 urbe
1030 1538 1269 1574 certamen
1301 1528 1433 1585 iniit,
1468 1527 1657 1573 tumidis
1680 1537 1727 1573 et
1751 1527 1842 1573 reis
1864 1544 1994 1590 prae-

580 1603 902 1667 sumptoribus
928 1605 975 1650 in
1005 1604 1185 1650 nefario
1213 1616 1387 1650 conatu
1414 1604 1765 1659 deficientibus,
1790 1622 1896 1666 pars
1916 1603 1996 1649 du-

583 1683 646 1728 cis
672 1682 844 1738 crevit,
872 1693 1012 1746 atque
1037 1681 1324 1728 adversarios
1345 1683 1472 1729 ferro
1494 1682 1681 1729 sortiter
1699 1682 1896 1737 feriens,
1925 1700 1997 1728 su-

582 1759 743 1820 perior
778 1759 1045 1821 praevaluit.
1074 1759 1209 1804 Tunc
1246 1758 1496 1805 vehemens
1520 1759 1826 1823 burgensium
1853 1759 1997 1805 caedes

580 1834 696 1880 facta
721 1846 812 1891 est,
839 1845 886 1880 et
909 1835 1151 1891 Conanm,
1187 1836 1488 1898 proditorum
1522 1838 1732 1900 signifer,
1766 1854 1873 1882 cum
1899 1837 1997 1882 aliis

583 1912 744 1957 multis
768 1922 928 1975 captus
951 1923 1036 1958 est.
1063 1913 1231 1959 Timor
1254 1924 1301 1959 et
1325 1914 1477 1960 luctus
1501 1925 1601 1960 erat
1626 1915 1791 1978 ingens
1819 1915 1867 1960 in
1891 1915 1998 1960 civi-

583 1999 676 2034 tate
691 2025 703 2046 ‚
730 1989 937 2053 virisque
960 1989 1251 2036 certantibus
1274 2002 1354 2036 aut
1377 1991 1651 2037 cadentibus
1674 2003 1754 2038 aut
1776 1991 1999 2055 fugienti-

582 2064 696 2122 buS‚
727 2064 889 2111 flentes
914 2065 1294 2113 vociferabantur
1320 2068 1524 2114 seminae.
1555 2069 1836 2115 Innocentes
1862 2079 1907 2114 et
1931 2067 1997 2113 rei

582 2144 754 2206 passim
785 2141 1103 2200 caedebantur,
1140 2155 1219 2190 aut
1255 2144 1520 2209 fugiebant,
1554 2156 1634 2192 aut
1673 2144 1992 2208 capiebantur.

634 2305 683 2345 ξι)
706 2302 811 2336 Cette
832 2309 938 2347 porte
958 2304 1045 2337 etait
1064 2304 1179 2339 situee
1198 2318 1243 2338 au
1262 2305 1350 2339 bont
1367 2305 1411 2339 de
1431 2306 1463 2339 la
1484 2318 1548 2339 rue
1566 2306 1859 2340 Saint-Romain.

633 2362 683 2406 (2)
704 2362 748 2394 Le
768 2362 945 2408 quartier,
966 2361 999 2395 le
1018 2362 1192 2409 hamenu,
1212 2364 1275 2410 qui
1295 2378 1313 2398 a
1333 2364 1435 2399 laisse
1456 2377 1518 2399 son
1539 2378 1621 2399 nom
1641 2368 1659 2399 a
1677 2365 1707 2399 la
1727 2377 1791 2399 rue
1810 2363 1980 2411 Malpalu.

633 2419 681 2465 (5)
702 2412 987 2461 Emendi-eville,
1011 2423 1245 2467 aujoui‘d'liui
1266 2424 1297 2458 le
1315 2424 1495 2471 fanbourg
1513 2425 1750 2460 saint-Seven

633 2480 683 2525 (A)
706 2479 807 2513 Nous
827 2491 935 2513 avons
958 2493 1002 2513 vu
1024 2481 1199 2516 ci-dessus
1218 2495 1288 2529 que
1308 2496 1347 2517 ce
1368 2485 1489 2517 moine
1507 2484 1594 2518 etait
1613 2483 1688 2517 l’uu
1707 2483 1770 2518 <les
1790 2482 1996 2517 conseillers

587 2539 631 2573 (le
653 2538 795 2572 Robert
814 2539 1106 2573 Courte-Heuse.

632 2598 682 2644 (j)
707 2599 752 2631 Le
779 2599 927 2645 prieure
953 2598 997 2632 de
1026 2600 1455 2644 Mire-Dame-du-Pre,
1485 2602 1717 2648 aujourd'hui
1748 2600 1993 2636 Boane-Nou-

587 2657 675 2692 velle
686 2685 694 2699 ,
714 2657 923 2704 dependant
936 2658 980 2693 de
996 2658 1156 2704 l’abbaye
1171 2660 1220 2694 du
1236 2660 1320 2703 Bec,
1337 2660 1446 2695 sonde'
1462 2674 1525 2707 par
1542 2661 1753 2696 Guillaume
1768 2668 1804 2694 et
1819 2657 1994 2695 Mathilde

586 2730 647 2751 sur
660 2729 708 2750 un
726 2718 860 2751 teri-ain
879 2725 1115 2763 appan-tenant.
1131 2731 1176 2753 au
1192 2719 1441 2755 bienheureux
1456 2720 1645 2763 Hellouin,
1663 2722 1829 2755 createur
1844 2718 1889 2753 de
1903 2723 1994 2752 cette

588 2777 736 2811 abbave.
