<?xml version="1.0" encoding="UTF-8"?>
<!DOCTYPE html PUBLIC "-//W3C//DTD XHTML 1.0 Transitional//EN"
    "http://www.w3.org/TR/xhtml1/DTD/xhtml1-transitional.dtd">
<html xmlns="http://www.w3.org/1999/xhtml" xml:lang="en" lang="en">
 <head>
  <title>
</title>
<meta http-equiv="Content-Type" content="text/html;charset=utf-8" />
  <meta name='ocr-system' content='tesseract 3.04.00' />
  <meta name='ocr-capabilities' content='ocr_page ocr_carea ocr_par ocr_line ocrx_word'/>
</head>
<body>
  <div class='ocr_page' id='page_1' title='image "./ordericivitalish03ordeuoft/ordericivitalish03ordeuoft_0124.png"; bbox 0 0 2085 3455; ppageno 0'>
   <div class='ocr_carea' id='block_1_1' title="bbox 603 329 2008 380">
    <p class='ocr_par' dir='ltr' id='par_1_1' title="bbox 603 329 2008 380">
     <span class='ocr_line' id='line_1_1' title="bbox 603 329 2008 380; baseline -0.001 -9"><span class='ocrx_word' id='word_1_1' title='bbox 603 335 654 371; x_wconf 64' lang='lat'>9⁴2</span> <span class='ocrx_word' id='word_1_2' title='bbox 966 329 1207 372; x_wconf 83' lang='lat' dir='ltr'>HISTORIA</span> <span class='ocrx_word' id='word_1_3' title='bbox 1240 329 1635 369; x_wconf 81' lang='lat' dir='ltr'><strong>ECCLESIASTICA.</strong></span> <span class='ocrx_word' id='word_1_4' title='bbox 1896 331 2008 380; x_wconf 53' lang='lat'><strong>{944}</strong></span> 
     </span>
    </p>
   </div>
   <div class='ocr_carea' id='block_1_2' title="bbox 600 416 2025 2407">
    <p class='ocr_par' dir='ltr' id='par_1_2' title="bbox 600 416 2010 866">
     <span class='ocr_line' id='line_1_2' title="bbox 600 416 2009 480; baseline -0.001 -16"><span class='ocrx_word' id='word_1_5' title='bbox 600 436 700 464; x_wconf 86' lang='lat' dir='ltr'>suas</span> <span class='ocrx_word' id='word_1_6' title='bbox 740 435 845 465; x_wconf 88' lang='lat' dir='ltr'>cum</span> <span class='ocrx_word' id='word_1_7' title='bbox 881 419 1163 466; x_wconf 86' lang='lat' dir='ltr'>Sanctorum</span> <span class='ocrx_word' id='word_1_8' title='bbox 1204 417 1414 480; x_wconf 84' lang='lat' dir='ltr'>reliquiis</span> <span class='ocrx_word' id='word_1_9' title='bbox 1450 416 1506 462; x_wconf 82' lang='lat' dir='ltr'>ad</span> <span class='ocrx_word' id='word_1_10' title='bbox 1546 418 1613 462; x_wconf 90' lang='lat' dir='ltr'>sui</span> <span class='ocrx_word' id='word_1_11' title='bbox 1654 416 1879 462; x_wconf 81' lang='lat' dir='ltr'>damnum</span> <span class='ocrx_word' id='word_1_12' title='bbox 1919 417 2009 463; x_wconf 90' lang='lat' dir='ltr'>illis</span> 
     </span>
     <span class='ocr_line' id='line_1_3' title="bbox 600 493 2006 559; baseline -0.002 -17"><span class='ocrx_word' id='word_1_13' title='bbox 600 495 927 542; x_wconf 87' lang='lat' dir='ltr'>ostenderunt.</span> <span class='ocrx_word' id='word_1_14' title='bbox 968 496 1040 541; x_wconf 92' lang='lat' dir='ltr'>Illi</span> <span class='ocrx_word' id='word_1_15' title='bbox 1081 493 1272 559; x_wconf 85' lang='lat' dir='ltr'>quidem</span> <span class='ocrx_word' id='word_1_16' title='bbox 1309 504 1421 539; x_wconf 78' lang='lat' dir='ltr'>tunc</span> <span class='ocrx_word' id='word_1_17' title='bbox 1456 505 1630 540; x_wconf 75' lang='lat' dir='ltr'>secreta</span> <span class='ocrx_word' id='word_1_18' title='bbox 1667 493 2006 540; x_wconf 86' lang='lat' dir='ltr'>monachorum</span> 
     </span>
     <span class='ocr_line' id='line_1_4' title="bbox 602 569 2009 633; baseline -0.002 -16"><span class='ocrx_word' id='word_1_19' title='bbox 602 582 880 617; x_wconf 80' lang='lat' dir='ltr'><strong>reverenter</strong></span> <span class='ocrx_word' id='word_1_20' title='bbox 918 572 1075 617; x_wconf 84' lang='lat' dir='ltr'>intuiti</span> <span class='ocrx_word' id='word_1_21' title='bbox 1113 580 1244 627; x_wconf 87' lang='lat' dir='ltr'>sunt,</span> <span class='ocrx_word' id='word_1_22' title='bbox 1286 580 1333 615; x_wconf 88' lang='lat' dir='ltr'>et</span> <span class='ocrx_word' id='word_1_23' title='bbox 1362 569 1532 616; x_wconf 80' lang='lat' dir='ltr'>oblatis</span> <span class='ocrx_word' id='word_1_24' title='bbox 1562 569 1836 615; x_wconf 81' lang='lat' dir='ltr'>muneribus</span> <span class='ocrx_word' id='word_1_25' title='bbox 1871 580 2009 633; x_wconf 86' lang='lat' dir='ltr'>atque</span> 
     </span>
     <span class='ocr_line' id='line_1_5' title="bbox 602 645 2007 710; baseline -0.002 -16"><span class='ocrx_word' id='word_1_26' title='bbox 602 649 898 695; x_wconf 86' lang='lat' dir='ltr'>orationibus</span> <span class='ocrx_word' id='word_1_27' title='bbox 922 651 1236 703; x_wconf 74' lang='lat' dir='ltr'>recesserunt3</span> <span class='ocrx_word' id='word_1_28' title='bbox 1264 645 1341 692; x_wconf 84' lang='lat' dir='ltr'>sed</span> <span class='ocrx_word' id='word_1_29' title='bbox 1364 647 1504 710; x_wconf 82' lang='lat' dir='ltr'>paulo</span> <span class='ocrx_word' id='word_1_30' title='bbox 1523 657 1629 710; x_wconf 81' lang='lat' dir='ltr'>post</span> <span class='ocrx_word' id='word_1_31' title='bbox 1650 647 1779 692; x_wconf 83' lang='lat' dir='ltr'>velut</span> <span class='ocrx_word' id='word_1_32' title='bbox 1804 646 2007 692; x_wconf 81' lang='lat' dir='ltr'>Chaldaei</span> 
     </span>
     <span class='ocr_line' id='line_1_6' title="bbox 604 723 2010 786; baseline -0.002 -16"><span class='ocrx_word' id='word_1_33' title='bbox 604 727 651 772; x_wconf 90' lang='lat' dir='ltr'>in</span> <span class='ocrx_word' id='word_1_34' title='bbox 674 726 934 772; x_wconf 83' lang='lat' dir='ltr'><strong>Jerusalem</strong></span> <span class='ocrx_word' id='word_1_35' title='bbox 960 725 1132 771; x_wconf 84' lang='lat' dir='ltr'>reversi</span> <span class='ocrx_word' id='word_1_36' title='bbox 1159 735 1290 780; x_wconf 84' lang='lat' dir='ltr'>sunt,</span> <span class='ocrx_word' id='word_1_37' title='bbox 1318 735 1363 769; x_wconf 86' lang='lat' dir='ltr'>et</span> <span class='ocrx_word' id='word_1_38' title='bbox 1393 741 1496 768; x_wconf 81' lang='lat' dir='ltr'>vasa</span> <span class='ocrx_word' id='word_1_39' title='bbox 1530 724 1692 786; x_wconf 87' lang='lat' dir='ltr'>templi</span> <span class='ocrx_word' id='word_1_40' title='bbox 1726 723 1809 769; x_wconf 88' lang='lat' dir='ltr'>Dei</span> <span class='ocrx_word' id='word_1_41' title='bbox 1832 735 1878 769; x_wconf 92' lang='lat' dir='ltr'>et</span> <span class='ocrx_word' id='word_1_42' title='bbox 1899 741 2010 769; x_wconf 74' lang='lat' dir='ltr'>om·-</span> 
     </span>
     <span class='ocr_line' id='line_1_7' title="bbox 604 800 1804 866; baseline -0.003 -19"><span class='ocrx_word' id='word_1_43' title='bbox 604 803 679 847; x_wconf 85' lang='lat' dir='ltr'>nia</span> <span class='ocrx_word' id='word_1_44' title='bbox 707 803 908 866; x_wconf 83' lang='lat' dir='ltr'>pretiosa</span> <span class='ocrx_word' id='word_1_45' title='bbox 934 803 1029 866; x_wconf 86' lang='lat' dir='ltr'>ejus</span> <span class='ocrx_word' id='word_1_46' title='bbox 1055 800 1308 848; x_wconf 83' lang='lat' dir='ltr'>crudeliter</span> <span class='ocrx_word' id='word_1_47' title='bbox 1331 811 1690 862; x_wconf 82' lang='lat' dir='ltr'>asportaverunt</span> <span class='ocrx_word' id='word_1_48' title='bbox 1716 802 1734 862; x_wconf 66' lang='grc' dir='ltr'>ζ</span> <span class='ocrx_word' id='word_1_49' title='bbox 1747 801 1804 862; x_wconf 76' lang='lat'>³).</span> 
     </span>
    </p>

    <p class='ocr_par' dir='ltr' id='par_1_3' title="bbox 602 877 2025 2407">
     <span class='ocr_line' id='line_1_8' title="bbox 666 877 2011 944; baseline -0.001 -19"><span class='ocrx_word' id='word_1_50' title='bbox 666 881 803 944; x_wconf 80' lang='lat' dir='ltr'>Hugo</span> <span class='ocrx_word' id='word_1_51' title='bbox 833 880 1063 944; x_wconf 83' lang='lat' dir='ltr'><strong>siquidem</strong></span> <span class='ocrx_word' id='word_1_52' title='bbox 1097 879 1296 942; x_wconf 74' lang='lat' dir='ltr'>Magnus</span> <span class='ocrx_word' id='word_1_53' title='bbox 1331 877 1521 923; x_wconf 87' lang='lat' dir='ltr'>Oximos</span> <span class='ocrx_word' id='word_1_54' title='bbox 1553 895 1658 922; x_wconf 87' lang='lat' dir='ltr'>cum</span> <span class='ocrx_word' id='word_1_55' title='bbox 1691 877 1898 922; x_wconf 81' lang='lat' dir='ltr'>exercitu</span> <span class='ocrx_word' id='word_1_56' title='bbox 1928 894 2011 923; x_wconf 89' lang='lat' dir='ltr'>suo</span> 
     </span>
     <span class='ocr_line' id='line_1_9' title="bbox 603 953 2012 1018; baseline -0.004 -15"><span class='ocrx_word' id='word_1_57' title='bbox 603 956 809 1014; x_wconf 85' lang='lat' dir='ltr'>obsedit,</span> <span class='ocrx_word' id='word_1_58' title='bbox 836 957 916 1003; x_wconf 90' lang='lat' dir='ltr'>sed</span> <span class='ocrx_word' id='word_1_59' title='bbox 938 956 1106 1003; x_wconf 85' lang='lat' dir='ltr'>bellica</span> <span class='ocrx_word' id='word_1_60' title='bbox 1130 957 1199 1002; x_wconf 86' lang='lat' dir='ltr'>vis</span> <span class='ocrx_word' id='word_1_61' title='bbox 1221 954 1570 1018; x_wconf 81' lang='lat' dir='ltr'>oppidanorum</span> <span class='ocrx_word' id='word_1_62' title='bbox 1594 955 1632 1000; x_wconf 88' lang='lat' dir='ltr'>ei</span> <span class='ocrx_word' id='word_1_63' title='bbox 1659 955 1845 1000; x_wconf 71' lang='lat' dir='ltr'>sortiter</span> <span class='ocrx_word' id='word_1_64' title='bbox 1868 953 2012 1000; x_wconf 84' lang='lat' dir='ltr'>obsti-</span> 
     </span>
     <span class='ocr_line' id='line_1_10' title="bbox 604 1030 2010 1096; baseline -0.002 -18"><span class='ocrx_word' id='word_1_65' title='bbox 604 1034 689 1089; x_wconf 86' lang='lat' dir='ltr'>tit,</span> <span class='ocrx_word' id='word_1_66' title='bbox 722 1044 769 1079; x_wconf 90' lang='lat' dir='ltr'>et</span> <span class='ocrx_word' id='word_1_67' title='bbox 804 1051 864 1080; x_wconf 89' lang='lat' dir='ltr'>ne</span> <span class='ocrx_word' id='word_1_68' title='bbox 895 1035 1016 1079; x_wconf 85' lang='lat' dir='ltr'>ultra</span> <span class='ocrx_word' id='word_1_69' title='bbox 1043 1032 1347 1096; x_wconf 82' lang='lat' dir='ltr'><strong>procederet,</strong></span> <span class='ocrx_word' id='word_1_70' title='bbox 1386 1032 1474 1077; x_wconf 87' lang='lat' dir='ltr'>iter</span> <span class='ocrx_word' id='word_1_71' title='bbox 1508 1032 1604 1095; x_wconf 88' lang='lat' dir='ltr'>ejus</span> <span class='ocrx_word' id='word_1_72' title='bbox 1635 1030 1878 1077; x_wconf 76' lang='lat' dir='ltr'>obstrusit.</span> <span class='ocrx_word' id='word_1_73' title='bbox 1913 1030 2010 1075; x_wconf 81' lang='lat' dir='ltr'>Rex</span> 
     </span>
     <span class='ocr_line' id='line_1_11' title="bbox 603 1108 2012 1172; baseline -0.003 -16"><span class='ocrx_word' id='word_1_74' title='bbox 603 1121 760 1156; x_wconf 81' lang='lat' dir='ltr'>autem</span> <span class='ocrx_word' id='word_1_75' title='bbox 797 1111 1092 1157; x_wconf 73' lang='lat' dir='ltr'>Francorum</span> <span class='ocrx_word' id='word_1_76' title='bbox 1131 1110 1469 1156; x_wconf 83' lang='lat' dir='ltr'>Ehroicensem</span> <span class='ocrx_word' id='word_1_77' title='bbox 1514 1126 1686 1172; x_wconf 77' lang='lat' dir='ltr'>pagum</span> <span class='ocrx_word' id='word_1_78' title='bbox 1727 1108 1871 1154; x_wconf 86' lang='lat' dir='ltr'>nimia</span> <span class='ocrx_word' id='word_1_79' title='bbox 1905 1125 2012 1153; x_wconf 83' lang='lat' dir='ltr'>cum</span> 
     </span>
     <span class='ocr_line' id='line_1_12' title="bbox 602 1185 2016 1250; baseline -0.003 -17"><span class='ocrx_word' id='word_1_80' title='bbox 602 1188 777 1233; x_wconf 88' lang='lat' dir='ltr'>virtute</span> <span class='ocrx_word' id='word_1_81' title='bbox 803 1187 1021 1244; x_wconf 86' lang='lat' dir='ltr'>intravit,</span> <span class='ocrx_word' id='word_1_82' title='bbox 1050 1198 1290 1250; x_wconf 86' lang='lat' dir='ltr'>totamque</span> <span class='ocrx_word' id='word_1_83' title='bbox 1315 1187 1654 1232; x_wconf 80' lang='lat' dir='ltr'>Normanniam</span> <span class='ocrx_word' id='word_1_84' title='bbox 1680 1186 1855 1248; x_wconf 78' lang='lat' dir='ltr'>rapinis</span> <span class='ocrx_word' id='word_1_85' title='bbox 1877 1195 1923 1230; x_wconf 91' lang='lat' dir='ltr'>et</span> <span class='ocrx_word' id='word_1_86' title='bbox 1947 1185 2016 1230; x_wconf 88' lang='lat' dir='ltr'>in-</span> 
     </span>
     <span class='ocr_line' id='line_1_13' title="bbox 603 1262 2009 1327; baseline -0.002 -17"><span class='ocrx_word' id='word_1_87' title='bbox 603 1263 779 1310; x_wconf 88' lang='lat' dir='ltr'>cendiis</span> <span class='ocrx_word' id='word_1_88' title='bbox 803 1263 1080 1327; x_wconf 86' lang='lat' dir='ltr'>depopulari</span> <span class='ocrx_word' id='word_1_89' title='bbox 1108 1264 1256 1325; x_wconf 78' lang='lat' dir='ltr'>coepit</span> <span class='ocrx_word' id='word_1_90' title='bbox 1281 1263 1371 1326; x_wconf 77' lang='lat'>(2)</span> <span class='ocrx_word' id='word_1_91' title='bbox 1403 1262 1669 1308; x_wconf 82' lang='lat' dir='ltr'>Bernardus</span> <span class='ocrx_word' id='word_1_92' title='bbox 1692 1279 1804 1308; x_wconf 87' lang='lat' dir='ltr'>vero</span> <span class='ocrx_word' id='word_1_93' title='bbox 1827 1263 2009 1318; x_wconf 82' lang='lat' dir='ltr'>Dauus,</span> 
     </span>
     <span class='ocr_line' id='line_1_14' title="bbox 604 1338 2014 1405; baseline -0.001 -18"><span class='ocrx_word' id='word_1_94' title='bbox 604 1353 655 1387; x_wconf 88' lang='lat' dir='ltr'>ut</span> <span class='ocrx_word' id='word_1_95' title='bbox 682 1342 771 1388; x_wconf 88' lang='lat' dir='ltr'>hoc</span> <span class='ocrx_word' id='word_1_96' title='bbox 798 1341 1000 1397; x_wconf 82' lang='lat' dir='ltr'>audivit,</span> <span class='ocrx_word' id='word_1_97' title='bbox 1033 1351 1278 1405; x_wconf 85' lang='lat' dir='ltr'>certosque</span> <span class='ocrx_word' id='word_1_98' title='bbox 1305 1357 1519 1386; x_wconf 88' lang='lat' dir='ltr'>rumores</span> <span class='ocrx_word' id='word_1_99' title='bbox 1544 1339 1601 1386; x_wconf 88' lang='lat' dir='ltr'>de</span> <span class='ocrx_word' id='word_1_100' title='bbox 1624 1340 1855 1386; x_wconf 79' lang='lat' dir='ltr'>Neustriae</span> <span class='ocrx_word' id='word_1_101' title='bbox 1880 1338 2014 1386; x_wconf 83' lang='lat' dir='ltr'>deso-</span> 
     </span>
     <span class='ocr_line' id='line_1_15' title="bbox 604 1415 2014 1480; baseline -0.002 -17"><span class='ocrx_word' id='word_1_102' title='bbox 604 1418 778 1463; x_wconf 82' lang='lat' dir='ltr'>latione</span> <span class='ocrx_word' id='word_1_103' title='bbox 798 1417 1050 1479; x_wconf 82' lang='lat' dir='ltr'>comperiit</span> <span class='ocrx_word' id='word_1_104' title='bbox 1063 1452 1076 1475; x_wconf 88' lang='lat'>‚</span> <span class='ocrx_word' id='word_1_105' title='bbox 1097 1416 1260 1462; x_wconf 86' lang='lat' dir='ltr'>anxius</span> <span class='ocrx_word' id='word_1_106' title='bbox 1281 1415 1408 1480; x_wconf 79' lang='lat' dir='ltr'>quod</span> <span class='ocrx_word' id='word_1_107' title='bbox 1428 1426 1523 1461; x_wconf 84' lang='lat' dir='ltr'>tam</span> <span class='ocrx_word' id='word_1_108' title='bbox 1543 1415 1761 1462; x_wconf 86' lang='lat' dir='ltr'>robustos</span> <span class='ocrx_word' id='word_1_109' title='bbox 1778 1415 2014 1479; x_wconf 85' lang='lat' dir='ltr'>principes</span> 
     </span>
     <span class='ocr_line' id='line_1_16' title="bbox 604 1492 2015 1542; baseline -0.001 -2"><span class='ocrx_word' id='word_1_110' title='bbox 604 1495 728 1542; x_wconf 90' lang='lat' dir='ltr'>solus</span> <span class='ocrx_word' id='word_1_111' title='bbox 753 1511 861 1540; x_wconf 88' lang='lat' dir='ltr'>cum</span> <span class='ocrx_word' id='word_1_112' title='bbox 878 1493 1214 1540; x_wconf 71' lang='lat' dir='ltr'>Nor-mannicis</span> <span class='ocrx_word' id='word_1_113' title='bbox 1236 1492 1415 1539; x_wconf 85' lang='lat' dir='ltr'>viribus</span> <span class='ocrx_word' id='word_1_114' title='bbox 1431 1492 1653 1540; x_wconf 84' lang='lat' dir='ltr'>bellando</span> <span class='ocrx_word' id='word_1_115' title='bbox 1670 1494 1897 1539; x_wconf 84' lang='lat' dir='ltr'>sustinere</span> <span class='ocrx_word' id='word_1_116' title='bbox 1916 1509 2015 1538; x_wconf 88' lang='lat' dir='ltr'>non</span> 
     </span>
     <span class='ocr_line' id='line_1_17' title="bbox 605 1569 2016 1635; baseline -0.001 -18"><span class='ocrx_word' id='word_1_117' title='bbox 605 1581 782 1634; x_wconf 85' lang='lat' dir='ltr'>posset,</span> <span class='ocrx_word' id='word_1_118' title='bbox 804 1569 968 1616; x_wconf 83' lang='lat' dir='ltr'>callide</span> <span class='ocrx_word' id='word_1_119' title='bbox 988 1571 1253 1634; x_wconf 78' lang='lat' dir='ltr'>prospexit,</span> <span class='ocrx_word' id='word_1_120' title='bbox 1280 1581 1326 1616; x_wconf 89' lang='lat' dir='ltr'>et</span> <span class='ocrx_word' id='word_1_121' title='bbox 1346 1571 1589 1634; x_wconf 80' lang='lat' dir='ltr'>perspicax</span> <span class='ocrx_word' id='word_1_122' title='bbox 1611 1571 1875 1635; x_wconf 80' lang='lat' dir='ltr'>ingenium,</span> <span class='ocrx_word' id='word_1_123' title='bbox 1899 1587 2016 1634; x_wconf 85' lang='lat' dir='ltr'>qua-</span> 
     </span>
     <span class='ocr_line' id='line_1_18' title="bbox 605 1646 2016 1712; baseline 0 -19"><span class='ocrx_word' id='word_1_124' title='bbox 605 1649 714 1695; x_wconf 85' lang='lat' dir='ltr'>liter</span> <span class='ocrx_word' id='word_1_125' title='bbox 736 1664 905 1711; x_wconf 83' lang='lat' dir='ltr'>anceps</span> <span class='ocrx_word' id='word_1_126' title='bbox 928 1646 1179 1694; x_wconf 85' lang='lat' dir='ltr'>discrimen</span> <span class='ocrx_word' id='word_1_127' title='bbox 1208 1666 1230 1693; x_wconf 84' lang='lat' dir='ltr'>a</span> <span class='ocrx_word' id='word_1_128' title='bbox 1255 1664 1301 1694; x_wconf 92' lang='lat' dir='ltr'>se</span> <span class='ocrx_word' id='word_1_129' title='bbox 1324 1658 1370 1694; x_wconf 87' lang='lat' dir='ltr'>et</span> <span class='ocrx_word' id='word_1_130' title='bbox 1392 1666 1414 1693; x_wconf 85' lang='lat' dir='ltr'>a</span> <span class='ocrx_word' id='word_1_131' title='bbox 1440 1648 1531 1693; x_wconf 89' lang='lat' dir='ltr'>suis</span> <span class='ocrx_word' id='word_1_132' title='bbox 1555 1647 1789 1712; x_wconf 81' lang='lat' dir='ltr'>abigeret,</span> <span class='ocrx_word' id='word_1_133' title='bbox 1817 1648 2016 1694; x_wconf 84' lang='lat' dir='ltr'>solerter</span> 
     </span>
     <span class='ocr_line' id='line_1_19' title="bbox 606 1723 2016 1790; baseline -0.001 -19"><span class='ocrx_word' id='word_1_134' title='bbox 606 1742 848 1789; x_wconf 84' lang='lat' dir='ltr'>apponens</span> <span class='ocrx_word' id='word_1_135' title='bbox 869 1725 1097 1772; x_wconf 83' lang='lat' dir='ltr'>exercuit.</span> <span class='ocrx_word' id='word_1_136' title='bbox 1129 1723 1349 1772; x_wconf 84' lang='lat' dir='ltr'>Protinus</span> <span class='ocrx_word' id='word_1_137' title='bbox 1372 1742 1485 1790; x_wconf 81' lang='lat' dir='ltr'>ergo</span> <span class='ocrx_word' id='word_1_138' title='bbox 1510 1726 1609 1789; x_wconf 77' lang='lat' dir='ltr'>regi</span> <span class='ocrx_word' id='word_1_139' title='bbox 1633 1742 1885 1772; x_wconf 79' lang='lat' dir='ltr'>occurrens</span> <span class='ocrx_word' id='word_1_140' title='bbox 1906 1743 2016 1788; x_wconf 90' lang='lat' dir='ltr'>sup-</span> 
     </span>
     <span class='ocr_line' id='line_1_20' title="bbox 607 1801 2018 1867; baseline -0.002 -17"><span class='ocrx_word' id='word_1_141' title='bbox 607 1805 716 1867; x_wconf 85' lang='lat' dir='ltr'>plex</span> <span class='ocrx_word' id='word_1_142' title='bbox 735 1823 746 1848; x_wconf 87' lang='lat'>:</span> <span class='ocrx_word' id='word_1_143' title='bbox 770 1803 908 1867; x_wconf 75' lang='lat' dir='ltr'>Quid</span> <span class='ocrx_word' id='word_1_144' title='bbox 925 1814 1016 1859; x_wconf 80' lang='lat' dir='ltr'>est,</span> <span class='ocrx_word' id='word_1_145' title='bbox 1041 1803 1221 1867; x_wconf 87' lang='lat' dir='ltr'>inquit,</span> <span class='ocrx_word' id='word_1_146' title='bbox 1249 1803 1382 1866; x_wconf 72' lang='lat' dir='ltr'>quod</span> <span class='ocrx_word' id='word_1_147' title='bbox 1399 1804 1526 1866; x_wconf 78' lang='lat' dir='ltr'>agis,</span> <span class='ocrx_word' id='word_1_148' title='bbox 1548 1803 1736 1849; x_wconf 81' lang='lat' dir='ltr'>domine</span> <span class='ocrx_word' id='word_1_149' title='bbox 1752 1801 1877 1849; x_wconf 68' lang='lat' dir='ltr'>rex?</span> <span class='ocrx_word' id='word_1_150' title='bbox 1898 1803 2018 1847; x_wconf 85' lang='lat' dir='ltr'>Rem</span> 
     </span>
     <span class='ocr_line' id='line_1_21' title="bbox 606 1880 2013 1946; baseline -0.004 -17"><span class='ocrx_word' id='word_1_151' title='bbox 606 1880 734 1930; x_wconf 76' lang='lat' dir='ltr'>facis</span> <span class='ocrx_word' id='word_1_152' title='bbox 760 1885 984 1946; x_wconf 77' lang='lat' dir='ltr'>impiam,</span> <span class='ocrx_word' id='word_1_153' title='bbox 1015 1891 1059 1926; x_wconf 84' lang='lat' dir='ltr'>et</span> <span class='ocrx_word' id='word_1_154' title='bbox 1087 1881 1314 1943; x_wconf 79' lang='lat' dir='ltr'>dignitati</span> <span class='ocrx_word' id='word_1_155' title='bbox 1341 1891 1433 1926; x_wconf 75' lang='lat' dir='ltr'>tuce</span> <span class='ocrx_word' id='word_1_156' title='bbox 1453 1897 1652 1944; x_wconf 75' lang='lat' dir='ltr'>prorsus</span> <span class='ocrx_word' id='word_1_157' title='bbox 1681 1885 2013 1943; x_wconf 74' lang='lat' dir='ltr'>incongruam.</span> 
     </span>
     <span class='ocr_line' id='line_1_22' title="bbox 610 1955 2020 2021; baseline -0.001 -18"><span class='ocrx_word' id='word_1_158' title='bbox 610 1958 741 2004; x_wconf 82' lang='lat' dir='ltr'>Num</span> <span class='ocrx_word' id='word_1_159' title='bbox 758 1970 857 2004; x_wconf 87' lang='lat' dir='ltr'>tota</span> <span class='ocrx_word' id='word_1_160' title='bbox 875 1958 1202 2015; x_wconf 79' lang='lat' dir='ltr'>Normannia,</span> <span class='ocrx_word' id='word_1_161' title='bbox 1224 1975 1369 2021; x_wconf 80' lang='lat' dir='ltr'>quam</span> <span class='ocrx_word' id='word_1_162' title='bbox 1387 1957 1627 2021; x_wconf 76' lang='lat' dir='ltr'>disperdis</span> <span class='ocrx_word' id='word_1_163' title='bbox 1636 1994 1652 2014; x_wconf 75' lang='lat'><em>,</em></span> <span class='ocrx_word' id='word_1_164' title='bbox 1674 1968 1756 2002; x_wconf 83' lang='lat' dir='ltr'>tua</span> <span class='ocrx_word' id='word_1_165' title='bbox 1772 1955 1873 2002; x_wconf 76' lang='lat' dir='ltr'>est?</span> <span class='ocrx_word' id='word_1_166' title='bbox 1890 1957 1938 2002; x_wconf 89' lang='lat' dir='ltr'><em>E</em></span> <span class='ocrx_word' id='word_1_167' title='bbox 1940 1973 2020 2002; x_wconf 83' lang='lat' dir='ltr'>cce</span> 
     </span>
     <span class='ocr_line' id='line_1_23' title="bbox 614 2032 2018 2098; baseline -0.001 -18"><span class='ocrx_word' id='word_1_168' title='bbox 614 2037 906 2098; x_wconf 78' lang='lat' dir='ltr'>Rotomagus</span> <span class='ocrx_word' id='word_1_169' title='bbox 941 2047 985 2081; x_wconf 82' lang='lat' dir='ltr'>et</span> <span class='ocrx_word' id='word_1_170' title='bbox 1017 2035 1130 2082; x_wconf 70' lang='lat' dir='ltr'>(llice</span> <span class='ocrx_word' id='word_1_171' title='bbox 1162 2034 1297 2080; x_wconf 78' lang='lat' dir='ltr'>urbes</span> <span class='ocrx_word' id='word_1_172' title='bbox 1328 2052 1437 2080; x_wconf 76' lang='lat' dir='ltr'>cum</span> <span class='ocrx_word' id='word_1_173' title='bbox 1471 2035 1593 2080; x_wconf 79' lang='lat' dir='ltr'>vicis</span> <span class='ocrx_word' id='word_1_174' title='bbox 1625 2037 1722 2079; x_wconf 81' lang='lat' dir='ltr'>suis</span> <span class='ocrx_word' id='word_1_175' title='bbox 1755 2045 1797 2079; x_wconf 90' lang='lat' dir='ltr'>et</span> <span class='ocrx_word' id='word_1_176' title='bbox 1830 2032 2018 2098; x_wconf 78' lang='lat' dir='ltr'>oppidis</span> 
     </span>
     <span class='ocr_line' id='line_1_24' title="bbox 603 2111 2019 2176; baseline -0.003 -18"><span class='ocrx_word' id='word_1_177' title='bbox 603 2114 767 2176; x_wconf 81' lang='lat' dir='ltr'>jussui</span> <span class='ocrx_word' id='word_1_178' title='bbox 794 2123 873 2159; x_wconf 81' lang='lat' dir='ltr'>tuo</span> <span class='ocrx_word' id='word_1_179' title='bbox 896 2122 1179 2175; x_wconf 79' lang='lat' dir='ltr'>pates-eunt,</span> <span class='ocrx_word' id='word_1_180' title='bbox 1205 2123 1249 2158; x_wconf 86' lang='lat' dir='ltr'>et</span> <span class='ocrx_word' id='word_1_181' title='bbox 1272 2129 1432 2158; x_wconf 78' lang='lat' dir='ltr'>omnes</span> <span class='ocrx_word' id='word_1_182' title='bbox 1458 2111 1627 2157; x_wconf 65' lang='lat' dir='ltr'>incolae</span> <span class='ocrx_word' id='word_1_183' title='bbox 1652 2111 1817 2157; x_wconf 68' lang='lat' dir='ltr'>divites</span> <span class='ocrx_word' id='word_1_184' title='bbox 1845 2121 1888 2155; x_wconf 84' lang='lat' dir='ltr'>et</span> <span class='ocrx_word' id='word_1_185' title='bbox 1916 2127 2019 2155; x_wconf 90' lang='lat' dir='ltr'>me-</span> 
     </span>
     <span class='ocr_line' id='line_1_25' title="bbox 612 2187 2023 2253; baseline -0.002 -18"><span class='ocrx_word' id='word_1_186' title='bbox 612 2189 801 2235; x_wconf 77' lang='lat' dir='ltr'>diocres</span> <span class='ocrx_word' id='word_1_187' title='bbox 823 2189 911 2235; x_wconf 85' lang='lat' dir='ltr'>tibi</span> <span class='ocrx_word' id='word_1_188' title='bbox 928 2190 1160 2245; x_wconf 76' lang='lat' dir='ltr'>serviunt,</span> <span class='ocrx_word' id='word_1_189' title='bbox 1188 2189 1430 2253; x_wconf 80' lang='lat' dir='ltr'>aliumque</span> <span class='ocrx_word' id='word_1_190' title='bbox 1453 2189 1701 2235; x_wconf 86' lang='lat' dir='ltr'>dominum</span> <span class='ocrx_word' id='word_1_191' title='bbox 1724 2205 1817 2233; x_wconf 86' lang='lat' dir='ltr'>non</span> <span class='ocrx_word' id='word_1_192' title='bbox 1840 2187 2023 2233; x_wconf 69' lang='lat' dir='ltr'>liaben-</span> 
     </span>
     <span class='ocr_line' id='line_1_26' title="bbox 614 2264 2025 2331; baseline -0.002 -19"><span class='ocrx_word' id='word_1_193' title='bbox 614 2277 699 2324; x_wconf 81' lang='lat' dir='ltr'>tes,</span> <span class='ocrx_word' id='word_1_194' title='bbox 723 2278 764 2313; x_wconf 90' lang='lat' dir='ltr'>te</span> <span class='ocrx_word' id='word_1_195' title='bbox 780 2278 1043 2313; x_wconf 74' lang='lat' dir='ltr'>reverentur</span> <span class='ocrx_word' id='word_1_196' title='bbox 1062 2279 1104 2313; x_wconf 83' lang='lat' dir='ltr'>et</span> <span class='ocrx_word' id='word_1_197' title='bbox 1123 2267 1352 2331; x_wconf 77' lang='lat' dir='ltr'>diligunt.</span> <span class='ocrx_word' id='word_1_198' title='bbox 1380 2267 1503 2330; x_wconf 77' lang='lat' dir='ltr'>Quis</span> <span class='ocrx_word' id='word_1_199' title='bbox 1523 2265 1614 2311; x_wconf 85' lang='lat' dir='ltr'>tibi</span> <span class='ocrx_word' id='word_1_200' title='bbox 1628 2264 1761 2311; x_wconf 79' lang='lat' dir='ltr'>dedit</span> <span class='ocrx_word' id='word_1_201' title='bbox 1779 2276 1876 2310; x_wconf 86' lang='lat' dir='ltr'>tam</span> <span class='ocrx_word' id='word_1_202' title='bbox 1896 2265 2025 2310; x_wconf 81' lang='lat' dir='ltr'>triste</span> 
     </span>
     <span class='ocr_line' id='line_1_27' title="bbox 612 2341 2024 2407; baseline -0.001 -19"><span class='ocrx_word' id='word_1_203' title='bbox 612 2343 895 2401; x_wconf 72' lang='lat' dir='ltr'>consilium,</span> <span class='ocrx_word' id='word_1_204' title='bbox 928 2355 977 2389; x_wconf 84' lang='lat' dir='ltr'>ut</span> <span class='ocrx_word' id='word_1_205' title='bbox 997 2342 1138 2407; x_wconf 69' lang='lat' dir='ltr'>ferro</span> <span class='ocrx_word' id='word_1_206' title='bbox 1177 2344 1546 2407; x_wconf 64' lang='lat' dir='ltr'>malignantium</span> <span class='ocrx_word' id='word_1_207' title='bbox 1579 2341 1858 2406; x_wconf 76' lang='lat' dir='ltr'>pessumdes</span> <span class='ocrx_word' id='word_1_208' title='bbox 1894 2352 2024 2386; x_wconf 84' lang='lat' dir='ltr'>tuum</span> 
     </span>
    </p>
   </div>
   <div class='ocr_carea' id='block_1_3' title="bbox 686 2456 2009 2464">
    <p class='ocr_par' dir='ltr' id='par_1_4' title="bbox 686 2456 2009 2464">
     <span class='ocr_line' id='line_1_28' title="bbox 686 2456 2009 2464; baseline 0 0"><span class='ocrx_word' id='word_1_209' title='bbox 686 2456 2009 2464; x_wconf 95' lang='lat' dir='ltr'> </span> 
     </span>
    </p>
   </div>
   <div class='ocr_carea' id='block_1_4' title="bbox 1501 2458 2009 2463">
    <p class='ocr_par' dir='ltr' id='par_1_5' title="bbox 1501 2458 2009 2463">
     <span class='ocr_line' id='line_1_29' title="bbox 1501 2458 2009 2463; baseline 0 0"><span class='ocrx_word' id='word_1_210' title='bbox 1501 2458 2009 2463; x_wconf 95' lang='lat' dir='ltr'> </span> 
     </span>
    </p>
   </div>
   <div class='ocr_carea' id='block_1_5' title="bbox 618 2518 2028 2866">
    <p class='ocr_par' dir='ltr' id='par_1_6' title="bbox 618 2518 2026 2626">
     <span class='ocr_line' id='line_1_30' title="bbox 665 2518 2026 2568; baseline -0.001 -15"><span class='ocrx_word' id='word_1_211' title='bbox 665 2519 714 2565; x_wconf 81' lang='lat'>(1)</span> <span class='ocrx_word' id='word_1_212' title='bbox 744 2519 844 2554; x_wconf 85' lang='lat' dir='ltr'>Nous</span> <span class='ocrx_word' id='word_1_213' title='bbox 863 2531 1019 2567; x_wconf 89' lang='lat' dir='ltr'>pensons</span> <span class='ocrx_word' id='word_1_214' title='bbox 1036 2532 1108 2568; x_wconf 89' lang='lat' dir='ltr'>que</span> <span class='ocrx_word' id='word_1_215' title='bbox 1135 2527 1241 2555; x_wconf 84' lang='lat' dir='ltr'>notre</span> <span class='ocrx_word' id='word_1_216' title='bbox 1264 2528 1393 2555; x_wconf 82' lang='lat' dir='ltr'>auteur</span> <span class='ocrx_word' id='word_1_217' title='bbox 1420 2520 1486 2554; x_wconf 82' lang='lat' dir='ltr'>fait</span> <span class='ocrx_word' id='word_1_218' title='bbox 1501 2519 1545 2553; x_wconf 75' lang='lat' dir='ltr'>ici</span> <span class='ocrx_word' id='word_1_219' title='bbox 1565 2518 1718 2553; x_wconf 84' lang='lat' dir='ltr'>allusion</span> <span class='ocrx_word' id='word_1_220' title='bbox 1742 2520 1761 2553; x_wconf 69' lang='grc' dir='ltr'>ἐι</span> <span class='ocrx_word' id='word_1_221' title='bbox 1777 2518 2026 2552; x_wconf 74' lang='lat' dir='ltr'>l&#39;enlevement</span> 
     </span>
     <span class='ocr_line' id='line_1_31' title="bbox 618 2578 1757 2626; baseline 0 -15"><span class='ocrx_word' id='word_1_222' title='bbox 618 2578 684 2613; x_wconf 61' lang='lat' dir='ltr'>&gt;des</span> <span class='ocrx_word' id='word_1_223' title='bbox 700 2590 799 2613; x_wconf 76' lang='lat' dir='ltr'>vases</span> <span class='ocrx_word' id='word_1_224' title='bbox 814 2578 866 2612; x_wconf 82' lang='lat' dir='ltr'>du</span> <span class='ocrx_word' id='word_1_225' title='bbox 879 2579 1015 2626; x_wconf 75' lang='lat' dir='ltr'>temple</span> <span class='ocrx_word' id='word_1_226' title='bbox 1032 2593 1098 2626; x_wconf 84' lang='lat' dir='ltr'>par</span> <span class='ocrx_word' id='word_1_227' title='bbox 1110 2579 1449 2615; x_wconf 83' lang='lat' dir='ltr'>Nabuchodonosor</span> <span class='ocrx_word' id='word_1_228' title='bbox 1463 2580 1519 2623; x_wconf 79' lang='lat' dir='ltr'>(lv</span> <span class='ocrx_word' id='word_1_229' title='bbox 1537 2578 1628 2624; x_wconf 85' lang='lat' dir='ltr'>Reg.</span> <span class='ocrx_word' id='word_1_230' title='bbox 1648 2578 1757 2623; x_wconf 60' lang='grc' dir='ltr'>ΠΝ).</span> 
     </span>
    </p>

    <p class='ocr_par' dir='ltr' id='par_1_7' title="bbox 621 2636 2028 2866">
     <span class='ocr_line' id='line_1_32' title="bbox 667 2636 2027 2683; baseline -0.001 -12"><span class='ocrx_word' id='word_1_231' title='bbox 667 2637 716 2683; x_wconf 81' lang='lat'>(2)</span> <span class='ocrx_word' id='word_1_232' title='bbox 737 2638 850 2672; x_wconf 79' lang='lat' dir='ltr'>Notre</span> <span class='ocrx_word' id='word_1_233' title='bbox 867 2645 1001 2673; x_wconf 75' lang='lat' dir='ltr'>auteur</span> <span class='ocrx_word' id='word_1_234' title='bbox 1018 2639 1085 2674; x_wconf 64' lang='lat' dir='ltr'>&#39;fai-t</span> <span class='ocrx_word' id='word_1_235' title='bbox 1104 2646 1227 2674; x_wconf 84' lang='lat' dir='ltr'>entrer</span> <span class='ocrx_word' id='word_1_236' title='bbox 1249 2639 1295 2674; x_wconf 89' lang='lat' dir='ltr'>ici</span> <span class='ocrx_word' id='word_1_237' title='bbox 1322 2639 1355 2673; x_wconf 89' lang='lat' dir='ltr'>le</span> <span class='ocrx_word' id='word_1_238' title='bbox 1370 2639 1426 2673; x_wconf 86' lang='lat' dir='ltr'>-roi</span> <span class='ocrx_word' id='word_1_239' title='bbox 1444 2638 1488 2672; x_wconf 87' lang='lat' dir='ltr'>de</span> <span class='ocrx_word' id='word_1_240' title='bbox 1506 2638 1641 2672; x_wconf 85' lang='lat' dir='ltr'>France</span> <span class='ocrx_word' id='word_1_241' title='bbox 1658 2650 1703 2672; x_wconf 90' lang='lat' dir='ltr'>en</span> <span class='ocrx_word' id='word_1_242' title='bbox 1721 2636 1944 2672; x_wconf 81' lang='lat' dir='ltr'>Normandie</span> <span class='ocrx_word' id='word_1_243' title='bbox 1963 2649 2027 2682; x_wconf 75' lang='lat' dir='ltr'>par</span> 
     </span>
     <span class='ocr_line' id='line_1_33' title="bbox 621 2689 2028 2746; baseline -0.001 -16"><span class='ocrx_word' id='word_1_244' title='bbox 621 2689 817 2741; x_wconf 54' lang='lat' dir='ltr'>Yssvrecin,</span> <span class='ocrx_word' id='word_1_245' title='bbox 845 2698 963 2733; x_wconf 83' lang='lat' dir='ltr'>tandis</span> <span class='ocrx_word' id='word_1_246' title='bbox 980 2699 1069 2746; x_wconf 86' lang='lat' dir='ltr'>qu&#39;il</span> <span class='ocrx_word' id='word_1_247' title='bbox 1091 2699 1180 2734; x_wconf 77' lang='lat' dir='ltr'>etait</span> <span class='ocrx_word' id='word_1_248' title='bbox 1197 2700 1314 2734; x_wconf 84' lang='lat' dir='ltr'>arrivc&#39;</span> <span class='ocrx_word' id='word_1_249' title='bbox 1332 2712 1397 2745; x_wconf 84' lang='lat' dir='ltr'>par</span> <span class='ocrx_word' id='word_1_250' title='bbox 1417 2698 1449 2733; x_wconf 90' lang='lat' dir='ltr'>le</span> <span class='ocrx_word' id='word_1_251' title='bbox 1465 2698 1649 2732; x_wconf 77' lang='lat' dir='ltr'>Pontliieu</span> <span class='ocrx_word' id='word_1_252' title='bbox 1666 2705 1703 2732; x_wconf 88' lang='lat' dir='ltr'>et</span> <span class='ocrx_word' id='word_1_253' title='bbox 1726 2697 1759 2732; x_wconf 85' lang='lat' dir='ltr'>lc</span> <span class='ocrx_word' id='word_1_254' title='bbox 1778 2696 1907 2731; x_wconf 75' lang='lat' dir='ltr'>Talon.</span> <span class='ocrx_word' id='word_1_255' title='bbox 1927 2695 1958 2730; x_wconf 90' lang='lat' dir='ltr'>ll</span> <span class='ocrx_word' id='word_1_256' title='bbox 1974 2702 2028 2730; x_wconf 85' lang='lat' dir='ltr'>est</span> 
     </span>
     <span class='ocr_line' id='line_1_34' title="bbox 622 2757 2026 2805; baseline 0 -15"><span class='ocrx_word' id='word_1_257' title='bbox 622 2757 779 2802; x_wconf 56' lang='lat' dir='ltr'>possible</span> <span class='ocrx_word' id='word_1_258' title='bbox 796 2770 867 2805; x_wconf 84' lang='lat' dir='ltr'>que</span> <span class='ocrx_word' id='word_1_259' title='bbox 890 2759 1010 2803; x_wconf 87' lang='lat' dir='ltr'>Louis,</span> <span class='ocrx_word' id='word_1_260' title='bbox 1027 2772 1073 2794; x_wconf 87' lang='lat' dir='ltr'>en</span> <span class='ocrx_word' id='word_1_261' title='bbox 1096 2766 1235 2794; x_wconf 81' lang='lat' dir='ltr'>sortant</span> <span class='ocrx_word' id='word_1_262' title='bbox 1261 2759 1305 2793; x_wconf 83' lang='lat' dir='ltr'>dc</span> <span class='ocrx_word' id='word_1_263' title='bbox 1324 2759 1453 2794; x_wconf 75' lang='lat' dir='ltr'>Rouen</span> <span class='ocrx_word' id='word_1_264' title='bbox 1472 2771 1564 2805; x_wconf 86' lang='lat' dir='ltr'>pour</span> <span class='ocrx_word' id='word_1_265' title='bbox 1587 2758 1754 2792; x_wconf 70' lang='lat' dir='ltr'>marchei·</span> <span class='ocrx_word' id='word_1_266' title='bbox 1772 2769 1849 2792; x_wconf 72' lang='lat' dir='ltr'>vers</span> <span class='ocrx_word' id='word_1_267' title='bbox 1868 2757 2026 2802; x_wconf 71' lang='lat' dir='ltr'>Bayenx,</span> 
     </span>
     <span class='ocr_line' id='line_1_35' title="bbox 626 2811 1380 2866; baseline 0.004 -16"><span class='ocrx_word' id='word_1_268' title='bbox 626 2817 674 2851; x_wconf 59' lang='lat' dir='ltr'>ait</span> <span class='ocrx_word' id='word_1_269' title='bbox 691 2820 901 2853; x_wconf 79' lang='lat' dir='ltr'>commence</span> <span class='ocrx_word' id='word_1_270' title='bbox 920 2832 983 2866; x_wconf 83' lang='lat' dir='ltr'>par</span> <span class='ocrx_word' id='word_1_271' title='bbox 1001 2820 1171 2854; x_wconf 67' lang='lat' dir='ltr'>s&#39;assurcr</span> <span class='ocrx_word' id='word_1_272' title='bbox 1190 2811 1380 2854; x_wconf 75' lang='lat' dir='ltr'>d&#39;Evreux.</span> 
     </span>
    </p>
   </div>
  </div>
 </body>
</html>
