2033 3445
79 314 204 361 [mmo
226 313 345 362 1098]
605 311 759 348 LissEa
788 311 966 348 Nouus.
1063 322 1069 328 ·
1409 314 1482 350 551

79 397 193 444 dens
211 397 454 445 desaevire.
479 397 543 442 Et
565 397 677 443 licet
706 397 826 461 ignis
851 395 1103 459 gentilibus
1127 407 1238 443 tunc
1258 396 1488 444 indemnis

79 476 220 522 fuerit
233 512 246 534 ,
277 475 483 522 multum
502 485 660 520 tamen
683 474 773 519 illis
799 474 992 520 incussit
1015 484 1249 520 terrorem
1274 485 1320 520 et
1337 491 1489 521 moes-

82 553 257 612 titiam,
287 552 564 598 Christianis
594 562 749 597 autem
774 551 982 597 solamen
1008 561 1054 595 et
1078 538 1316 608 laetitiam3
1341 552 1490 597 utris-

80 647 172 694 que
204 630 392 694 populis
426 630 614 692 signum
644 627 760 674 illud
793 627 850 673 de
886 627 1012 674 coelo
1044 627 1232 673 enituit.
1260 627 1491 691 Oppidani

82 719 178 755 tota
211 707 285 754 die
321 706 559 754 instabant
593 706 766 752 lanceis
790 716 837 752 et
860 704 1141 763 missilibus,
1174 716 1221 751 et
1251 705 1495 751 illidebant

81 777 274 832 vulnera
307 784 598 833 vulneribus.
624 783 890 834 Castrenses
925 783 1211 830 extrinsecus
1237 783 1298 828 ita
1329 783 1497 829 civita-

82 873 226 909 tatem
250 862 758 916 circumvallaverunt,
780 872 833 906 ut
857 861 1034 906 nemini
1056 870 1239 923 pateret
1264 860 1310 905 in
1330 858 1405 905 die
1432 859 1498 904 in-

85 939 276 996 troitus,
311 939 386 985 vel
428 938 596 984 exitus.
634 937 784 983 Nocte
826 934 1081 1000 aliquando
1116 936 1282 1000 aliquis
1314 946 1499 998 poterat

83 1017 235 1074 exire,
276 1016 355 1062 sed
404 1016 617 1071 occulte,
657 1025 703 1060 et
740 1032 847 1061 cum
892 1030 1068 1077 magno
1109 1014 1297 1059 timore.
1334 1013 1498 1058 Fames

85 1095 133 1141 in
153 1093 251 1140 dies
274 1092 655 1148 convalescebat,
681 1103 728 1138 et
750 1092 1038 1138 Christianos
1057 1091 1179 1136 ultra
1206 1108 1348 1155 quam
1371 1090 1497 1155 credi

84 1182 238 1236 potest
268 1171 483 1236 angebat.
527 1171 667 1216 Multi
713 1169 942 1234 siquidem
990 1168 1327 1232 expiraverunt
1359 1169 1495 1213 same.

85 1250 221 1296 Panis
245 1249 530 1312 paximacius
555 1248 630 1311 (1)
660 1258 706 1294 et
726 1246 1049 1311 permodicus,
1078 1247 1113 1291 si
1145 1245 1335 1309 quando
1360 1246 1499 1291 inve—

86 1326 323 1382 niebatur,
353 1325 581 1389 byzanteo
611 1325 991 1388 comparabatur,
1027 1324 1230 1388 Equinae
1264 1339 1426 1368 carnes
1455 1334 1501 1368 ct

86 1405 282 1451 asininae
304 1421 393 1468 pro
416 1402 741 1467 imperialibus
760 1402 938 1449 deliciis
954 1400 1370 1465 computabantur.
1394 1400 1500 1446 Gal·

90 1482 202 1528 linae
220 1482 428 1545 pretium
448 1498 510 1528 xv
529 1492 630 1528 erat
648 1480 929 1527 solidorum.
949 1480 1105 1525 Ovum
1123 1478 1307 1525 duobus
1321 1477 1498 1535 solidis,

88 1576 186 1605 nux
216 1558 402 1623 juglans
438 1575 535 1605 uno
556 1556 916 1622 appretiabatur
947 1555 1160 1602 denario.
1198 1554 1374 1601 Multos
1404 1565 1503 1600 sta—

90 1647 209 1682 teres
249 1652 451 1700 quaeque
488 1635 597 1681 vilia
634 1635 875 1681 valebant.
917 1633 1082 1679 Taedet
1116 1650 1192 1679 me
1228 1632 1502 1696 singillatim

89 1730 368 1761 enumerare
391 1713 698 1759 multimodos
731 1712 915 1759 labores
943 1722 990 1757 et
1017 1727 1181 1757 omnes
1212 1710 1421 1756 miserias
1451 1728 1503 1755 ac

89 1793 341 1856 passiones,
356 1809 470 1855 quas
486 1792 531 1836 in
549 1790 667 1836 urbe
679 1790 861 1836 obsessa
876 1805 1021 1835 xxxvl
1034 1788 1198 1833 diebus
1211 1788 1280 1849 (2)
1298 1788 1501 1850 perpessi

90 1879 200 1915 sunt
219 1868 513 1915 Christicolae
533 1868 799 1913 muniones.
826 1867 901 1912 Sic
916 1866 1040 1911 Deus
1060 1882 1164 1911 suos
1182 1864 1378 1910 athletas
1397 1882 1505 1927 pro-

90 1947 245 2003 bavit,
268 1957 314 1993 et
334 1957 386 1992 ut
404 1964 427 1991 a
450 1946 658 2009 propriis
677 1944 883 1991 reatibus
902 1943 1225 2006 expiarentur,
1250 1944 1296 1988 in
1319 1943 1504 1988 camino

92 2023 414 2069 tribulationis
444 2023 753 2078 examinavit,
789 2032 835 2067 et
864 2031 1090 2085 purgatos
1120 2019 1326 2083 gloriose
1350 2018 1504 2066 hono-

92 2103 232 2148 ravit.

160 2178 424 2243 Stephanus
447 2178 658 2233 interim,
683 2193 841 2223 comes
866 2175 1187 2230 Carnotensis,
1211 2174 1502 2229 infirmitate,

95 2267 148 2302 ut
170 2256 378 2313 dicebat,
406 2256 621 2301 detentus
646 2253 962 2318 aliquantula,
986 2253 1105 2298 sicut
1127 2250 1306 2297 dictum
1326 2261 1418 2306 est,
1449 2250 1505 2296 ad

95 2445 140 2467 en
155 2439 262 2479 ayant
279 2434 337 2467 ete
354 2431 493 2466 temoin
508 2431 667 2465 oculairc
682 2430 770 2464 (lans
787 2436 880 2463 ectio
896 2428 991 2462 ville.
1007 2427 1158 2462 Suivant
1176 2425 1325 2460 Florcnt
1340 2425 1385 2459 ‹lc
1399 2425 1508 2459 wor-

96 2499 224 2535 cester,
243 2492 311 2526 elle
327 2492 482 2526 n'aurait
498 2504 542 2525 eu
563 2490 635 2525 lieu
657 2502 727 2537 que
744 2490 777 2523 lc
795 2501 838 2537 27
858 2487 1082 2535 septembre,
1102 2486 1281 2533 plusieurs
1299 2486 1390 2521 mois
1405 2486 1507 2532 apres

96 2552 262 2600 l’epoque
282 2552 345 2599 qui
364 2552 415 2586 lui
433 2559 487 2586 est
507 2551 672 2597 assignec
694 2550 755 2584 ici.

142 2615 194 2657 (ι)
215 2613 302 2648 Cuit
320 2624 403 2646 sous
420 2612 453 2645 la
471 2610 617 2646 cendrc.

143 2672 193 2716 (2)
208 2672 259 2706 Ce
276 2670 404 2705 chistre
421 2677 476 2705 cst
489 2671 678 2714 beaucoup
699 2676 780 2713 trop
798 2666 924 2708 saiblc;
946 2665 994 2700 les
1014 2666 1147 2700 croi-<ds
1170 2665 1339 2698 νομιῶ-νηί
1363 2663 1442 2708 pri—s
1463 2661 1507 2694 (lv

100 2730 192 2765 deux
214 2731 306 2765 rnois
324 2730 474 2777 bloque's
493 2730 581 2765 dans
602 2728 794 2764 Antiochv.
