2085 3455
547 305 620 341 188
903 302 1146 340 Ῑ115’Ξ“ΟΗΙΑ
1177 302 1580 340 ECCLESIASTICA.
1805 304 1943 352 [1085]

545 389 652 452 quia
681 387 904 434 liberatus
928 407 952 434 a
976 388 1179 434 terribili
1211 389 1340 435 hoste
1372 389 1546 445 suerat,
1572 386 1843 433 defunctum
1873 399 1944 433 ta—

551 481 659 510 men
683 463 847 510 ducem
865 501 878 521 ‚
897 464 977 528 qui
1001 482 1245 527 nunquam
1266 465 1321 511 de
1340 465 1465 511 bello
1484 465 1682 527 fugerat,
1702 480 1758 508 ex
1775 464 1946 526 pietate

544 542 748 587 multum
773 542 970 605 planxit.
1003 542 1261 588 Licentiam
1285 542 1378 598 his,
1401 542 1479 606 qui
1508 541 1662 587 redire
1692 541 1737 586 in
1763 540 1945 586 Italiam

546 617 723 663 vellent
751 635 858 663 cum
883 617 1102 664 cadavere
1131 619 1358 682 principis
1389 618 1454 662 sui
1472 654 1483 673 ,
1516 628 1561 662 et
1585 615 1805 663 omnibus
1829 617 1943 672 suis,

545 694 815 759 benigniter
839 697 1080 742 concessit.
1109 695 1226 742 Aliis
1250 713 1384 752 vero,
1405 696 1486 759 qui
1509 711 1664 741 secum
1682 711 1943 749 remanere,

543 772 726 837 sibique
745 775 919 820 servire
937 774 1132 827 vellent,
1157 774 1283 837 larga
1307 773 1535 836 stipendia
1555 772 1747 835 pepigit.
1768 772 1948 833 Byzan-

545 850 645 895 tino
670 866 726 895 ex
762 861 873 895 tunc
899 851 1054 914 itaque
1079 849 1280 896 fideliter
1317 849 1524 895 famulati
1555 859 1687 904 sunt,
1710 847 1791 912 qui
1815 858 1946 893 antea

544 925 730 972 sortiter
772 927 1187 990 impugnaverant.
1224 927 1501 972 Remeantes
1540 936 1696 971 autem
1727 926 1773 970 in
1814 924 1950 987 Apu-

548 1003 685 1059 liam,
709 1020 879 1066 corpus
903 1003 1031 1049 ducis
1060 1004 1276 1049 Venusiae
1301 1003 1573 1049 detulerunt
1598 1004 1691 1065 (Ι),
1723 1001 1880 1065 ibique
1905 1002 1951 1047 in

548 1079 771 1125 coenobio
795 1080 975 1126 Sanctae
994 1081 1240 1126 Trinitatis
1265 1098 1369 1126 cum
1400 1081 1531 1126 tuctu
1559 1096 1734 1143 niagno
1759 1079 1954 1142 sepelie-

548 1166 675 1201 runt.
703 1155 998 1202 Venerabilis
1030 1158 1343 1220 Berengarius
1381 1157 1548 1214 abbas,
1586 1157 1707 1203 filius
1728 1156 1952 1212 Ernaldi‚

548 1232 628 1278 filii
690 1233 939 1297 HelgoniS,
995 1233 1146 1279 eidem
1201 1235 1487 1281 monasterio
1539 1245 1764 1298 praeerat,
1814 1250 1955 1297 quem

548 1309 829 1357 Teodericus
863 1310 1229 1357 archimandrita
1271 1312 1371 1374 pius
1408 1311 1530 1374 apud
1563 1311 1753 1357 Uticum
1782 1310 1954 1356 educa-

553 1398 704 1446 verat,
738 1398 784 1433 et
818 1386 924 1434 inde
966 1387 1202 1435 Robertus
1239 1388 1380 1434 abbas
1417 1406 1574 1435 secum
1610 1389 1654 1434 in
1689 1387 1951 1434 Calabriam

549 1463 804 1510 adduxerat
832 1466 917 1527 (2).
946 1465 1126 1512 Deinde
1161 1465 1219 1510 ab
1252 1465 1521 1512 Alexandro
1541 1466 1662 1529 Papa
1689 1466 1758 1528 (3)
1790 1465 1955 1512 Venu-

550 1542 686 1587 siensi
723 1543 1009 1589 monasterio
1040 1542 1181 1588 abbas
1217 1554 1510 1590 consecratus
1549 1554 1640 1599 est,
1679 1553 1818 1606 atque
1851 1552 1956 1604 post

551 1619 731 1684 aliquot
755 1638 901 1667 annos
923 1638 1012 1684 pro
1038 1622 1211 1667 merito
1239 1621 1346 1667 vitae
1371 1632 1417 1666 et
1433 1622 1639 1684 sapiente
1661 1620 1875 1666 doctrina
1899 1618 1955 1665 ad

549 1696 876 1760 pontificatum
914 1699 1120 1760 praefatae
1155 1697 1283 1743 urbis
1317 1716 1339 1743 a
1365 1699 1485 1761 Papa
1518 1697 1715 1744 Urbano
1740 1698 1810 1759 (4)
1833 1713 1956 1759 pro-

552 1784 707 1820 motus
727 1783 812 1820 est.

616 1851 740 1896 VIII.
761 1851 936 1915 [1082]
951 1852 1075 1897 Dum
1090 1853 1304 1899 furerent
1321 1854 1367 1898 in
1384 1853 1500 1899 orbe
1520 1862 1830 1915 tempestates,
1849 1867 1954 1915 quae

551 1930 763 1992 superius
791 1941 1068 1976 memoratae
1097 1941 1232 1987 sunt,
1261 1930 1452 1994 quidam
1477 1930 1686 1993 sortilegi
1715 1929 1955 1975 Romano-

552 2023 677 2062 rum,
699 2008 802 2070 quis
823 2009 868 2052 in
890 2018 1062 2070 papatu
1079 2007 1346 2053 succederet
1364 2006 1691 2053 Hildebranno
1712 2006 1805 2068 (5),
1829 2003 1955 2050 inda-

598 2158 648 2203 (1)
666 2158 716 2192 Ce
735 2170 779 2192 ne
796 2158 853 2192 fut
871 2170 932 2204 pas
954 2169 1034 2191 sans
1052 2158 1240 2205 beaucoup
1261 2158 1305 2192 de
1323 2159 1430 2205 peine
1449 2165 1485 2193 et
1504 2158 1549 2192 dc
1572 2166 1745 2193 traverses
1765 2157 1874 2205 qu’ou
1893 2164 1959 2204 put

553 2218 750 2264 accomplir
767 2218 799 2253 le
818 2218 915 2252 desii·
936 2218 980 2251 dv
1000 2218 1139 2252 Robert
1160 2218 1339 2253 Guiscard
1355 2247 1363 2261 ‚
1389 2219 1502 2253 d⁷etre
1522 2219 1666 2252 enterre
1692 2220 1710 2251 Ξι
1732 2218 1890 2252 Yenose.
1911 2218 1959 2252 Le

553 2276 711 2309 vaisseau
728 2277 790 2323 qui
809 2277 945 2323 portait
969 2288 1031 2309 son
1051 2288 1155 2322 corps
1175 2278 1248 2319 snt,
1276 2290 1321 2311 en
1339 2277 1496 2311 arrivant
1513 2278 1530 2310 ἐι
1551 2276 1725 2318 Otrante,
1746 2275 1875 2309 assailli
1895 2287 1959 2321 par

555 2346 624 2368 une
645 2334 800 2369 violente
819 2334 992 2381 tempsste,
1012 2335 1073 2382 qui
1093 2335 1131 2369 fit
1152 2335 1293 2370 tomber
1309 2335 1342 2370 le
1360 2335 1515 2370 ce1·cu:¹il
1533 2334 1621 2368 dans
1637 2334 1669 2367 la
1687 2346 1775 2369 mer.
1795 2335 1827 2368 A
1845 2333 1876 2367 la
1896 2335 1957 2367 ve-

555 2395 636 2436 rite,
655 2393 679 2428 il
693 2394 749 2427 sut
768 2394 942 2440 repeclie3
963 2394 1065 2436 mais,
1089 2394 1227 2441 walgre‘
1240 2395 1559 2428 l's‘mbaumement
1573 2394 1730 2440 grossiei·
1748 2394 1876 2427 attestc
1895 2404 1958 2438 par

554 2461 658 2488 notre
675 2461 817 2496 auteur,
840 2453 863 2487 il
881 2454 969 2488 etait
986 2453 1074 2487 dans
1094 2467 1143 2488 un
1159 2456 1233 2489 etat
1252 2454 1296 2489 (le
1316 2455 1531 2501 corruption
1549 2454 1610 2501 qui
1627 2453 1768 2501 obligca
1786 2452 1831 2487 dc
1851 2452 1960 2499 depo-

555 2526 612 2548 ser
629 2514 660 2548 le
679 2526 779 2548 coeni·
796 2520 832 2548 et
849 2513 899 2547 les
915 2513 1098 2548 enti-ailles
1117 2514 1206 2548 (lans
1224 2521 1319 2549 cette
1336 2514 1428 2548 ville,

597 2574 647 2621 (2)
668 2574 789 2619 Yoyez
807 2573 1004 2616 ci-dessus‚
1021 2581 1049 2609 t.
1073 2575 1126 2617 Π,
1148 2588 1182 2620 p.
1203 2586 1260 2622 90.

599 2631 649 2678 (5)
668 2631 872 2667 Alexandre
891 2632 927 2666 Π
945 2631 1010 2677 (50
1025 2633 1230 2679 septembre
1255 2632 1398 2666 1061-21
1425 2631 1512 2665 avril
1532 2629 1652 2678 1055).

600 2693 650 2739 (4)
667 2692 808 2726 Urbain
831 2692 865 2725 II
885 2695 950 2735 (12
971 2705 1063 2726 mars
1082 2692 1238 2740 1088-29
1252 2692 1372 2738 juillet
1394 2695 1515 2738 1099).

598 2749 648 2796 (5)
666 2750 846 2797 Gregoire
868 2750 942 2785 VII
961 2754 1023 2793 (22
1045 2751 1130 2784 avril
1155 2749 1305 2798 μηδ-25
1326 2750 1394 2783 mai
1416 2749 1501 2783 1085
1519 2751 1545 2792 J.
1561 2749 1661 2782 Tout
1680 2747 1711 2781 le
1734 2745 1865 2780 monde
1880 2756 1959 2778 con·

554 2809 628 2844 nait
650 2810 700 2844 les
723 2809 908 2844 (lernirrcs
930 2809 1070 2856 parolcs
1095 2822 1165 2856 quc
1187 2822 1226 2843 cc
1250 2809 1408 2856 pontisc,
1429 2808 1495 2855 age
1512 2808 1556 2842 dc
1576 2808 1850 2842 soixante-onze
1875 2815 1955 2838 ans.

556 2882 738 2915 prononca
760 2876 862 2903 avant
887 2869 1064 2915 ‹l'cxpircr
1084 2900 1086 2902 ,
1110 2869 1294 2903 Ius—tiliam
1319 2869 1435 2903 dilen·
1449 2875 1481 2901 (Ἰ
1501 2867 1597 2901 mlii-i
1615 2868 1859 2911 l'nitsitilalem:
1883 2863 1962 2897 ideo
