2033 3445
77 264 196 310 [cinca
218 261 324 310 560]ἶ
578 257 733 296 LIBER
763 256 971 295 SEXTUS.
1425 260 1477 296 59

78 359 126 393 uc
161 364 319 394 eorum
355 345 639 410 quandoque
675 342 1022 408 impudentiam
1049 352 1264 405 potenter
1284 346 1474 406 puniat.

76 423 210 469 Tunc
230 422 330 478 ille,
355 421 402 466 in
420 420 490 466 his
512 418 806 466 sermonibus
831 434 1030 481 superna
1052 428 1361 480 compunctus
1378 436 1479 482 gra-

80 500 139 546 tia
153 536 167 557 ,
186 514 398 545 reversus
413 508 482 544 est
500 496 556 543 ad
573 497 782 561 propria.
808 496 948 541 Mane
964 505 1122 542 autem
1138 495 1282 552 facto,
1307 512 1480 542 renun-

78 578 204 624 ciatis
238 574 458 622 omnibus
496 592 600 639 quaa
635 573 864 630 habebat,
901 572 1156 637 deportans
1195 589 1351 619 secum
1387 584 1480 619 tres

77 665 257 700 tantum
299 652 632 699 subcinericios
668 668 810 715 panes
846 662 893 698 et
926 652 1079 697 savum
1118 649 1300 708 mellis,
1337 650 1480 697 citato

77 731 190 778 calle
212 729 453 794 repedavit
471 730 528 776 ad
550 747 707 777 servos
729 730 838 787 Dei,
865 740 911 776 et
938 727 1186 792 procidens
1209 739 1318 775 ante
1342 727 1481 793 pedes

75 809 121 853 S.
150 807 361 865 Ebrulfi‚
388 808 589 871 protulit
620 808 825 872 eulogias
850 806 1193 853 benedictionis
1221 806 1323 870 (ι>;
1350 823 1481 853 mox-

74 901 164 950 que
188 885 359 932 Sancto
377 886 554 932 afflatus
571 886 775 949 Spiritu,
795 884 1168 932 emendatiorem
1184 885 1329 930 vitam
1347 885 1483 948 polli-

74 962 217 1018 citus,
255 962 430 1008 ibidem
470 963 785 1010 monachilem
817 961 1011 1026 adeptus
1043 974 1111 1008 est
1142 963 1481 1025 professionem

73 1039 269 1102 primus.
293 1039 444 1100 Quem
464 1040 698 1087 imitantes
717 1041 857 1087 multi
874 1039 1079 1105 ejusdem
1102 1040 1229 1086 silvae
1256 1040 1479 1096 latrones,

75 1132 160 1179 per
177 1115 551 1164 admonitionem
570 1117 694 1165 beati
719 1119 809 1164 viri
835 1129 914 1164 aut
939 1117 1115 1164 fiebant
1137 1116 1384 1173 monachi,
1403 1129 1483 1163 aut

73 1193 335 1241 deserentes
360 1196 610 1243 latrocinia
627 1195 950 1242 efficiebantur
967 1196 1171 1241 cultores
1185 1196 1306 1259 agri.
1328 1195 1401 1240 Ex
1420 1195 1484 1240 vi-

75 1273 189 1318 cinis
216 1274 357 1319 etiam
389 1273 502 1320 locis
527 1275 646 1320 sama
678 1273 949 1338 divulgante
972 1273 1096 1319 beati
1122 1273 1211 1318 viri
1244 1289 1417 1318 nomen
1439 1282 1485 1317 et

73 1352 320 1405 meritum,
357 1352 578 1398 nonnulli
617 1352 870 1399 veniebant
909 1351 965 1398 ad
1000 1369 1134 1408 eum,
1168 1350 1484 1397 desiderantes

75 1430 170 1493 ejus
189 1430 500 1493 contemplari
525 1431 784 1493 angelicam
809 1431 1000 1486 faciem,
1031 1440 1078 1475 et
1093 1428 1484 1493 jocundissimum

74 1506 234 1552 audire
253 1522 536 1552 sermonem.
561 1508 776 1572 Cumque
795 1507 834 1553 ei
851 1507 1238 1553 administrarent
1254 1523 1359 1570 quae
1381 1522 1485 1552 cor-

74 1585 178 1647 pori
204 1595 339 1630 erant
364 1586 618 1631 necessaria
636 1621 648 1641 ,
675 1586 835 1632 resecti
860 1583 1179 1648 spiritualibus
1200 1601 1305 1629 cum
1325 1583 1487 1630 alacri-

76 1672 167 1708 tate
186 1662 357 1707 mentis
380 1662 657 1708 remeabant
675 1661 731 1708 ad
748 1680 843 1708 sua.
866 1661 1067 1723 Quidam
1086 1673 1243 1707 autem
1266 1678 1321 1707 cx
1347 1661 1457 1723 ipsis
1473 1696 1486 1718 ‚

75 1750 126 1784 ut
155 1751 435 1786 meruerunt
469 1741 647 1803 perfrui
680 1742 776 1804 ejus
810 1741 1076 1805 colloquio,
1106 1739 1484 1803 deprecabantur

75 1816 243 1863 ascribi
282 1828 377 1863 tam
414 1819 645 1881 spirituali
680 1818 905 1882 collegio,
937 1819 1127 1882 jamque
1159 1829 1357 1881 propter
1387 1818 1486 1864 sre-

75 1895 314 1957 quentiam
339 1895 634 1941 venientium
661 1894 882 1958 praedicta
919 1895 1032 1941 silva
1066 1894 1332 1941 solitudinis
1364 1895 1485 1939 ami—

76 1982 198 2016 serat
219 1971 520 2017 vocabulum.
552 1992 574 2014 »

143 2069 166 2092 «
196 2048 504 2096 Accrescente
535 2050 688 2115 itaque
720 2067 917 2096 numero
938 2050 1167 2103 fratrum,
1193 2048 1487 2096 accrescebat

76 2138 122 2173 et
145 2126 195 2173 in
218 2126 357 2174 beato
379 2127 583 2174 Ebrulfo
605 2129 752 2192 gratia
773 2129 1023 2174 virtutum,
1051 2126 1294 2174 Patientiae
1313 2127 1488 2191 quippe

122 2341 171 2384 (1)
185 2339 250 2373 Les
268 2340 428 2386 culogics
444 2341 579 2375 etaient
597 2340 686 2374 dans
706 2340 737 2375 la
756 2341 940 2388 primitive
952 2334 1074 2389 >Eglise
1088 2342 1150 2376 des
1169 2343 1271 2389 pains
1285 2341 1407 2377 offerts
1425 2355 1489 2389 pai·

78 2398 127 2433 les
147 2398 268 2434 fideles
284 2407 320 2434 et
340 2400 441 2434 benis
462 2414 525 2447 pai·
551 2401 583 2434 lc
603 2401 743 2447 metm,
766 2401 858 2436 dont
877 2414 923 2436 on
948 2402 1122 2437 reservait
1142 2415 1213 2436 une
1238 2409 1319 2448 part
1343 2415 1437 2450 pour
1456 2403 1488 2437 la

78 2460 332 2501 communion,
367 2468 403 2494 et
431 2460 523 2495 dont
541 2460 572 2495 lc
592 2469 684 2495 resto
704 2462 792 2495 etait
809 2463 826 2495 a
845 2461 875 2495 la
895 2462 943 2496 fin
968 2462 1012 2497 de
1032 2462 1063 2497 la
1087 2474 1198 2497 messe
1217 2461 1396 2498 distribue
1419 2476 1488 2497 aux

79 2519 280 2560 assistants;
312 2521 449 2553 ceux-ci
480 2533 525 2553 nc
543 2521 738 2566 pom-aient
754 2520 804 2555 les
821 2529 987 2568 acceptor
1003 2530 1040 2557 ct
1059 2523 1131 2557 s⁷en
1151 2523 1299 2557 nourrii·
1318 2536 1389 2571 que
1406 2536 1487 2558 sous

82 2577 110 2610 la
130 2577 318 2612 condition
337 2578 451 2613 d’ctre
469 2583 487 2613 a
509 2580 618 2625 jeun3
648 2580 732 2614 elles
760 2581 920 2616 tenaient
937 2584 955 2616 a
976 2595 1046 2629 peu
1071 2584 1153 2629 prins
1174 2582 1244 2617 lieu
1263 2582 1308 2617 (le
1330 2582 1361 2617 la
1393 2595 1490 2617 com-

81 2636 232 2669 munion
252 2639 267 2669 t·
286 2650 373 2672 ceux
402 2640 464 2685 qui
490 2639 667 2673 n'avaicnt
688 2652 733 2685 pu
759 2653 780 2685 y
802 2641 1011 2687 participer.
1043 2643 1094 2675 (Ic
1123 2642 1246 2676 surent
1264 2643 1407 2676 ensuite
1425 2641 1486 2675 dv:-⁴

82 2695 180 2739 pains
198 2708 242 2729 ou
264 2704 384 2732 autres
402 2698 568 2732 alimonis
584 2700 721 2739 lif—niis,
742 2701 850 2745 (μιύη
869 2701 1062 2745 s'envoyait
1081 2703 1400 2748 rcciproqiwmcnt
1414 2729 1421 2741 ‚
1440 2713 1485 2734 ou

79 2755 186 2799 qn'on
210 2755 413 2791 ‹listrihnait
435 2761 450 2791 a
472 2759 575 2792 table.
