2033 3445
100 263 237 311 [1080]
600 258 750 295 LIBER
779 258 985 295 SEXTL'S.
1434 259 1483 295 33

99 347 225 410 quasi
245 357 483 392 mortuum
497 345 594 408 jam
607 342 795 388 deflere.
819 343 926 387 Alta
945 358 1057 387 voce
1078 343 1202 387 velut
1219 360 1374 389 amens
1397 346 1485 391 cla-

100 423 271 476 mabat,
293 434 338 468 et
357 439 463 468 cum
482 420 641 466 multis
661 419 844 465 flet-ibus
863 419 1055 483 ejulanS,
1076 418 1259 465 dicebat
1278 440 1287 464 ;
1306 421 1408 466 Fili
1422 427 1485 467 mi

98 498 334 560 Radtcffe,
371 497 556 562 qualem
582 500 764 563 coepisti
784 515 879 543 non
905 496 1149 553 militiam,
1179 497 1264 543 secl
1292 497 1485 544 clemen-

98 579 215 622 tiam
233 574 482 621 exercere?
501 574 870 620 Detestabilibus
885 573 1157 640 pedagogis
1175 592 1345 639 prave,
1367 577 1484 639 proli

96 652 254 699 dolor!
284 654 509 716 agitaris,
546 670 742 716 quorum
774 650 995 716 lethfferis
1021 652 1388 717 sophismatibus
1411 657 1487 699 in-

97 729 221 776 sulse
259 748 386 775 nnnc
423 729 689 787 seduceris,
733 742 775 776 et
817 732 865 776 in
902 730 1172 776 barathrum
1207 730 1488 795 perditionis

94 807 420 852 miserabiliter
452 806 666 852 traheris.
713 806 753 851 Ο
785 824 930 870 quam
962 807 1089 853 triste
1118 806 1236 852 milti
1261 809 1487 854 nuncium

97 884 262 928 misisti
275 919 287 939 ,
320 901 552 948 quamque
580 883 800 929 acerbum
827 883 945 929 milii
970 901 1209 930 moerorem
1236 887 1488 948 peperisti!

101 962 300 1025 Decepte
325 964 532 1026 juvenis,
575 961 695 1024 quid
730 961 816 1006 tibi
850 961 1051 1008 dicam?
1091 962 1320 1025 lVequiter
1355 964 1490 1027 inju—

96 1039 266 1085 riando
305 1043 523 1085 inermem
548 1037 800 1102 famulum
838 1039 1036 1097 Christi,
1076 1037 1366 1102 mortyeram
1409 1040 1493 1086 tibi

97 1116 404 1179 dejectionem
427 1118 740 1180 promeruisti.
766 1117 870 1161 Fili
893 1118 961 1161 mi
990 1116 1228 1179 Raduffe,
1259 1117 1374 1181 quid
1401 1118 1490 1163 de-

100 1194 378 1241 bacchando
384 1192 580 1257 fecisti,
607 1195 691 1258 qni
709 1193 975 1256 primordia
999 1205 1091 1239 tuce
1115 1194 1298 1239 militiae
1327 1206 1492 1240 contra

104 1271 242 1317 Omni
239 1283 471 1336 potentem
490 1270 784 1317 exercuisti?
806 1271 928 1316 Novi
943 1273 1196 1316 certissime
1215 1272 1346 1334 quod
1365 1271 1494 1317 breve

99 1350 332 1409 gaudium
358 1359 401 1394 et
430 1348 619 1410 longam
649 1349 889 1392 tristitiam
916 1347 1136 1392 habitura
1165 1365 1270 1393 sum
1290 1365 1384 1412 pro
1413 1358 1494 1393 tuo

83 1424 329 1488 facinore.
370 1425 541 1471 Nonne
574 1441 734 1471 omnes
764 1424 974 1470 doctores
999 1427 1181 1486 pariter
1206 1435 1491 1481 consonant,

101 1513 143 1548 et
176 1520 272 1548 una
310 1520 426 1549 voce
451 1503 637 1567 passim
669 1500 946 1565 praedicant
974 1499 1104 1563 qnod
1139 1500 1413 1546 Altissimus
1447 1504 1495 1545 in

102 1579 293 1625 Sanctis
328 1582 425 1624 suis
459 1577 670 1635 habitat,
709 1588 751 1622 et
787 1594 893 1623 cum
932 1579 996 1621 eis
1033 1577 1143 1623 [τρία
1180 1576 1256 1622 vel
1293 1576 1494 1622 adversa

95 1658 176 1721 pie
219 1655 423 1702 tolerat?
468 1659 726 1711 Succume,
766 1667 926 1720 pater,
978 1655 1233 1700 insanienti
1263 1654 1405 1718 filio,
1455 1665 1497 1699 et

100 1734 228 1779 omni
270 1732 464 1779 elabora
504 1732 660 1777 studio
703 1744 751 1777 ut
794 1731 948 1777 ablati
989 1730 1265 1795 cornipedes
1310 1729 1500 1792 lugubri

101 1809 363 1856 reddantur
392 1808 653 1863 monaclzo,·
685 1826 743 1854 ne
769 1811 933 1853 unicus
948 1807 1086 1870 filius
1122 1818 1226 1852 tuus
1255 1824 1340 1870 pro
1368 1817 1497 1852 tanto

101 1886 274 1932 scelere
301 1891 460 1932 statim
495 1885 714 1930 tradatur
745 1884 1002 1930 dcemonio.
1037 1884 1110 1929 Sic
1142 1883 1361 1946 prudenti
1394 1900 1497 1927 ma·-

103 1973 239 2009 trona
266 1979 354 2025 pro
392 1963 536 2008 salute
561 1960 642 2007 filii
680 1962 993 2025 supplicante,
1020 1959 1396 2023 monachumque
1412 1959 1497 2005 de—

102 2040 304 2086 solatum
343 2039 543 2086 fideliter
590 2039 794 2085 mulcere
828 2049 1087 2103 satagente,
1123 2037 1343 2084 Albertus
1390 2053 1496 2082 cum

103 2118 231 2164 omni
254 2117 426 2163 familia
449 2135 525 2163 sua
545 2128 805 2164 commotus
829 2118 1140 2173 contremuit,
1169 2116 1342 2162 mulam
1368 2132 1495 2159 suam

102 2194 334 2241 monacho
359 2194 574 2251 tradidit,
598 2195 946 2258 armigerosque
962 2211 1065 2240 suos
1079 2211 1181 2240 cum
1204 2193 1285 2239 ilio
1303 2190 1497 2237 Breher-

102 2271 275 2317 vallum
292 2272 363 2334 (ι)
385 2270 632 2318 destinavit
645 2307 658 2329 ,
679 2270 918 2334 filiumque
935 2288 1068 2316 suum
1081 2306 1093 2327 ‚
1111 2280 1163 2315 ut
1182 2270 1222 2315 ei
1247 2270 1345 2315 sine
1363 2284 1494 2314 mora

104 2365 301 2413 quaeque
325 2348 477 2395 ablata
500 2349 686 2395 fuerant
714 2347 953 2405 redderet,
982 2347 1182 2394 terribili
1206 2345 1495 2410 adjuratione

104 2425 356 2472 obtestatus
377 2463 388 2483 ,
426 2426 722 2474 constrinxit.
758 2425 1071 2471 Guitmundus
1112 2425 1264 2488 itaque
1300 2422 1496 2485 receptis

105 2504 232 2567 equis
250 2504 464 2550 Paceium
485 2503 730 2558 remeavit,
763 2502 956 2549 Alberto
983 2513 1028 2549 et
1053 2502 1190 2548 uxori
1210 2502 1303 2564 ejus
1327 2498 1495 2563 gratias

106 2581 224 2644 egit,
247 2600 270 2627 a
294 2599 389 2646 quo
412 2592 609 2647 uterque
626 2581 806 2627 veniam
825 2597 912 2644 pro
934 2580 1179 2626 commisso
1202 2594 1274 2623 rea
1284 2588 1330 2622 tu
1344 2587 1497 2640 postu-

158 2755 207 2797 (ι’)
226 2753 359 2787 Breval.

215 2829 283 2858 111.

1280 2812 1303 2853 Q]
