2085 3455
596 299 667 334 198
960 294 1201 333 HISTORIA
1232 292 1632 331 ECCLESIASTICA,
1732 294 2001 344 [1083-1085]

589 383 711 428 dicta
739 381 1015 428 nobilissimi
1042 381 1236 426 baronis
1259 379 1472 426 occidere
1495 378 1766 424 voluerunt.
1795 377 1883 423 Sed
1906 396 2005 425 mo-

589 462 716 507 riens
740 459 985 506 Richerius
1008 461 1045 506 ei
1073 458 1310 504 subvenit.
1354 459 1499 514 Nam,
1541 456 1653 502 (lum
1687 457 1863 502 vellent
1898 473 2003 503 eum

583 538 800 602 jugulare
813 573 824 592 ‚
846 537 1120 582 vulneratus
1140 546 1320 600 quanto
1339 536 1493 598 potuit
1509 545 1681 580 conatu
1697 532 2000 579 exclamavit:

590 616 741 662 Sf'tzite
761 615 899 660 illum
914 631 1006 679 pro
1022 631 1183 660 amore
1204 614 1314 659 Dei.
1339 615 1557 659 peccatis
1573 613 1688 657 meis
1710 610 2005 674 exigentibus

587 696 657 740 sic
693 691 840 737 debeo
878 692 1014 736 mori.
1055 690 1171 736 Mox
1208 690 1399 735 dimisso
1433 704 1734 752 percussore,
1779 685 2006 751 lugendus

590 769 727 817 heros
750 778 936 832 peccata
961 786 1039 814 sua
1064 767 1300 814 sodalibus
1323 768 1414 813 suis
1437 767 1669 813 consessus
1695 776 1787 823 est3
1815 775 1862 811 et
1882 775 2007 810 ante-
2059 823 2067 830 .

588 865 732 912 quam
759 845 927 892 urbem
965 845 1130 891 adduci
1170 846 1420 908 potuisset,
1453 855 1668 890 mortuus
1704 854 1788 889 est.
1830 841 2008 888 Deinde

591 941 761 987 corpus
803 924 898 987 ejus
936 922 1145 968 delatum
1187 933 1254 967 est
1294 921 1351 967 ad
1391 921 1627 985 quoddam
1662 919 2006 966 monachorum

588 1001 954 1054 monasterium,
978 998 1106 1063 quod
1131 999 1425 1062 Eugenulfus
1448 1009 1582 1061 pater
1606 998 1701 1061 ejus
1727 997 1773 1042 in
1799 1013 1877 1042 sua
1902 1013 2006 1058 pos-

588 1077 790 1123 sessione
814 1087 1145 1124 construxerat
1172 1077 1217 1123 in
1246 1075 1431 1122 honore
1454 1076 1610 1121 Sancti
1637 1075 1852 1137 sulpitii,
1877 1090 2008 1137 prae-

588 1156 698 1201 sulis
736 1155 1103 1201 Bituricensium
1145 1155 1246 1216 (ι),
1300 1153 1459 1218 ibique
1502 1171 1610 1199 cum
1653 1153 1832 1215 ingenti
1880 1152 2009 1197 luctu

588 1243 841 1297 parentum
880 1243 926 1278 et
967 1233 1177 1277 affinium
1221 1232 1507 1277 tumulatum
1539 1241 1608 1276 est
1648 1248 1671 1275 a
1711 1228 1979 1275 Gisleberto
1995 1265 2006 1284 ,

590 1309 849 1356 venerabili
875 1309 1094 1373 episcopo
1116 1308 1499 1355 Ebroiccnsium.

655 1389 830 1435 'Merito
874 1389 944 1433 vir
984 1388 1067 1433 iste
1105 1405 1128 1432 a
1165 1388 1291 1433 notis
1328 1385 1668 1450 plangebatur,
1705 1385 1814 1449 quia
1850 1384 2011 1429 multis

590 1465 730 1513 bonis
752 1467 800 1512 in
823 1466 917 1511 vita
940 1483 1019 1511 sua
1043 1464 1376 1511 decorabatur.
1403 1464 1519 1509 Erat
1544 1464 1673 1510 enim
1695 1479 1897 1526 corpore
1919 1461 2012 1508 for-

591 1544 674 1599 tis,
715 1542 915 1606 pulcher
951 1554 997 1588 et
1036 1542 1194 1606 agilis,
1232 1542 1279 1587 in
1320 1542 1420 1605 lege
1453 1542 1536 1587 Dei
1573 1540 1747 1596 fidelis,
1782 1540 2012 1603 religiosis

593 1621 867 1668 hominibus
890 1621 1086 1684 supplex
1109 1630 1155 1665 et
1173 1618 1390 1674 humilis,
1419 1620 1466 1664 in
1494 1619 1696 1682 negotiis
1721 1634 1834 1664 vero
1855 1617 2011 1663 saeculi

593 1709 753 1745 cautus
776 1708 822 1743 et
840 1696 1065 1743 facundus
1080 1734 1090 1753 ‚
1115 1708 1162 1742 et
1182 1698 1229 1742 in
1249 1697 1380 1742 omni
1405 1695 1763 1742 conversatione
1784 1713 1861 1740 sua
1888 1705 2014 1740 tran-

592 1777 766 1840 quillus
789 1786 836 1821 et
853 1774 1060 1838 dapsilis.
1085 1775 1172 1821 Hic
1193 1774 1360 1820 habuit
1379 1775 1628 1838 conjugem
1651 1771 1841 1828 Judith,
1870 1771 2012 1817 filiam

592 1853 781 1900 Ricardi
807 1852 1163 1899 Abrincatensis
1187 1863 1509 1916 cognomento
1536 1851 1658 1910 Goz,
1687 1868 1900 1898 sororem
1925 1850 2010 1896 sci-

594 1932 702 1977 licet
727 1932 941 1995 Hugonis
967 1931 1287 1977 Cestrensium
1312 1931 1499 1977 comitis
1523 1931 1619 1992 (2),
1651 1947 1707 1976 ex
1738 1946 1829 1994 qua
1851 1929 2015 1993 genuit

592 2008 914 2055 Gislebertum
937 2008 1240 2073 Aquilensem
1256 2045 1268 2065 ‚
1296 2019 1341 2054 et
1364 2008 1716 2072 Engenulfum,
1747 2017 1794 2053 et
1818 2005 2013 2051 Mathil-

591 2088 725 2144 dem,
759 2098 805 2133 et
835 2087 949 2133 alios
977 2087 1136 2150 plures
1161 2085 1282 2133 filios
1306 2098 1352 2132 et
1376 2086 1510 2132 filias.
1540 2085 1831 2132 Gislebertus
1858 2095 2013 2130 autem

593 2165 739 2223 solus,
759 2164 860 2209 aliis
881 2162 1233 2219 decedentibus,
1257 2175 1468 2227 paternae
1488 2162 1737 2227 probitatis
1755 2173 1800 2209 et
1820 2161 2013 2208 lionoris

594 2242 728 2288 heres
750 2243 984 2297 successit,
1008 2252 1054 2287 et
1067 2241 1325 2297 Julianam,
1352 2240 1663 2287 strenuissimi
1683 2240 1868 2287 comitis
1886 2239 2015 2284 Mau-

595 2331 780 2377 ritaniae
804 2328 1035 2376 Goisfredi
1062 2329 1208 2376 filiam
1229 2332 1321 2394 (5),
1345 2332 1596 2395 conjugem
1618 2330 1778 2387 duxit,
1801 2347 1907 2394 quae
1928 2328 2014 2374 Ri-

640 2495 690 2539 (1)
706 2492 1198 2539 Saint-Sulpice-sur-Risle,
1223 2492 1369 2539 prieure
1382 2491 1427 2526 de
1443 2492 1572 2534 Tiron,
1589 2492 1672 2539 pres
1690 2491 1826 2537 Laigle.
1847 2489 1878 2524 Il
1896 2489 2011 2536 parait

595 2567 666 2602 que
686 2566 726 2588 ce
740 2553 813 2587 lieu
832 2551 1019 2599 s'appelait
1037 2553 1329 2598 primitiremcnt
1347 2552 1501 2587 Neuilli.

642 2615 692 2660 (2)
721 2613 792 2648 Sur
820 2619 915 2646 cette
941 2612 1078 2647 famille
1107 2613 1169 2646 des
1189 2613 1364 2648 vicomtes
1381 2612 1646 2654 d'Avranches,
1674 2623 1782 2658 voyez
1809 2609 2008 2651 ci-dessus‚

597 2681 625 2707 t.
646 2686 674 2705 Π
686 2700 694 2714 ‚
717 2685 753 2718 p.
771 2683 852 2718 219.

642 2732 691 2778 (5)
715 2731 886 2767 Julienue
899 2759 906 2773 ‚
932 2729 1003 2765 lille
1023 2731 1071 2766 de
1091 2731 1255 2768 Geoffroi
1269 2760 1278 2775 ‚
1301 2738 1421 2766 comte
1439 2730 1485 2765 de
1502 2731 1695 2775 Mortagne
1712 2741 1759 2764 ou
1778 2728 1828 2762 du
1850 2727 2008 2764 Perche=

596 2802 626 2827 vt
649 2793 694 2828 de
714 2792 858 2826 Reatrix
874 2791 919 2826 de
938 2791 1139 2826 Rochefort
1158 2793 1261 2838 (pres
1283 2790 1563 2835 RambouilletJ.
