2033 3445
95 270 214 317 [vm
238 269 357 318 1099]
616 270 770 310 LIBER
799 272 979 310 NONUS.
1427 275 1496 312 591

93 355 394 421 duplicesque
411 357 638 419 lacrymas
651 360 939 421 profundere
948 373 1242 408 meruerunt.
1262 362 1507 426 Angustia-

94 433 175 480 bat
200 434 329 489 illos,
362 433 492 499 quod
518 435 877 498 inopinabiliter
910 438 1080 484 Franci
1106 440 1245 501 potiti
1269 451 1378 485 sunt
1401 451 1506 486 tro—

94 512 249 575 phaeo.
274 512 596 559 Contristabat
611 530 689 560 eos
708 515 1020 561 cisternarum
1041 533 1248 572 suarum,
1274 534 1386 580 quas
1406 535 1506 562 ma-

93 588 174 652 gni
197 588 495 653 pendebant,
515 591 874 654 sanguinolenta
907 590 1120 638 foedatio.
1146 592 1375 638 Exterriti
1399 605 1507 639 sunt

94 666 241 729 igitur
264 684 409 731 usque
431 667 488 714 ad
510 667 824 716 desectionem
842 669 1150 732 Tripolitani,
1178 680 1224 716 et
1246 671 1344 715 sine
1372 670 1506 716 obsi-

93 743 238 790 dione
260 743 457 800 obsessi,
485 745 684 792 ulterius
707 763 805 793 non
832 745 1069 792 audebant
1092 747 1294 793 civitatis
1317 758 1502 809 portam

93 821 271 884 egredi.
293 822 705 885 Tripolitanorum
725 823 914 870 finitimi
935 823 1106 870 eisdem
1123 823 1508 887 percellebantur

97 898 378 944 infortuniis.
401 899 589 957 Franci,
609 899 953 963 gratulabunda
972 901 1108 963 potiti
1130 901 1347 957 victoria,
1373 900 1505 964 hym-

94 977 298 1022 nizantes
316 977 433 1034 Deo,
455 978 629 1023 reversi
650 989 759 1024 sunt
774 977 831 1023 ad
855 995 976 1024 suos.
1001 977 1164 1024 Altera
1184 995 1297 1024 vero
1316 977 1391 1023 die
1410 979 1506 1024 mi—

94 1052 195 1098 lites
218 1051 275 1100 de
298 1054 509 1101 exercitu
532 1056 866 1119 equitaverunt
887 1056 1010 1102 ultra
1033 1056 1203 1102 vallem
1228 1055 1284 1101 de
1307 1056 1414 1101 Sem
1434 1056 1504 1119 (ι)

91 1128 415 1192 depraedatum
436 1142 637 1189 terram,
666 1142 713 1178 et
733 1133 937 1178 inventis
958 1131 1112 1178 bobus
1140 1143 1185 1178 et
1210 1133 1372 1186 asiniS,
1399 1132 1505 1178 ovi—

92 1205 178 1252 bus
212 1218 259 1253 et
290 1208 477 1254 camelis
494 1245 505 1265 ‚
550 1226 754 1273 quorum
793 1210 882 1255 fuit,
924 1226 1149 1255 numerus
1189 1209 1285 1255 fere
1321 1208 1377 1254 ad
1414 1209 1503 1255 tria

92 1283 241 1329 millia
256 1320 269 1340 ,
291 1295 418 1330 tanta
443 1287 599 1332 onusti
626 1285 814 1349 praeda,
834 1304 941 1333 cum
961 1285 1132 1350 gaudio
1156 1296 1428 1331 remearunt
1448 1286 1505 1331 ad

93 1378 170 1405 sua
197 1371 362 1407 castra.
395 1361 628 1408 Sederunt
662 1363 807 1425 igitur
834 1362 890 1408 ad.
915 1362 1157 1408 castellum
1183 1361 1338 1408 Arche
1366 1363 1505 1425 (nam

95 1438 234 1484 nimis
269 1450 369 1485 erat
407 1440 801 1504 inexpugnabile)
847 1439 1000 1486 tribus
1039 1441 1278 1487 mensibus
1318 1451 1363 1485 et
1411 1458 1502 1486 una

92 1516 166 1562 ‹lie
186 1517 274 1580 (2).
293 1517 667 1564 celebraverunt
682 1519 822 1564 etiam
839 1518 903 1563 ibi
923 1517 1094 1563 Pascha
1110 1517 1301 1563 Domini
1322 1526 1386 1563 1v⁰
1404 1516 1503 1562 idus

93 1593 254 1655 aprilis
288 1593 378 1656 (3).
413 1593 565 1638 Naves
598 1593 726 1639 enim
751 1593 1136 1639 Christianorum
1165 1592 1222 1638 ad
1252 1592 1503 1656 quemdam

93 1670 420 1732 applicuerant
435 1681 649 1733 portum,
669 1671 775 1715 satis
797 1681 969 1725 tutum,
994 1681 1041 1715 et
1059 1669 1248 1715 castello
1268 1669 1502 1725 vicimum

92 1765 198 1811 quae
256 1747 670 1812 suppeditaverant
730 1746 1042 1794 castrensibus
1106 1747 1397 1792 frumentum
1460 1757 1506 1792 et

95 1826 281 1882 vinum,
305 1843 489 1872 caseum
520 1837 566 1872 et
590 1826 775 1882 oleum,
801 1825 956 1871 fabam
985 1836 1028 1871 et
1052 1823 1262 1879 lardum,
1290 1834 1336 1869 et
1362 1824 1504 1869 totius

94 1902 321 1949 ubertatis
345 1914 624 1949 mercatum.
647 1903 944 1967 Frequenter
967 1902 1109 1947 etiam
1129 1901 1374 1964 regionem
1393 1916 1506 1962 opu-
1541 1934 1543 1936 »

97 1981 272 2026 lentam
294 1980 619 2045 depraedatum
641 1980 1023 2045 egrediebantur,
1046 1979 1269 2043 quoniam
1292 1994 1375 2023 suo
1403 1977 1506 2023 nul-

96 2059 276 2105 latenus
298 2070 410 2105 voto
430 2058 793 2115 fraudabantur,
818 2057 881 2104 ob
910 2057 953 2103 id
975 2057 1177 2103 laetiores
1197 2053 1505 2101 reverteban—

97 2148 190 2192 tur,
218 2136 487 2201 iterumque
511 2136 566 2183 ad
602 2135 964 2183 discurrendum
988 2134 1310 2181 vehementius
1332 2133 1504 2178 incita-—

94 2214 270 2260 bantur
307 2216 394 2278 (4).
430 2215 568 2261 Multi
603 2215 743 2261 etiam
768 2213 1149 2259 Christianorum
1176 2210 1237 2256 ibi
1271 2209 1501 2274 perempti

141 2420 189 2464 (1)
213 2420 319 2454 Cettc
342 2419 471 2462 valle'e‚
499 2419 589 2453 dont
608 2419 641 2453 lc
664 2431 749 2453 nom
773 2424 827 2452 cst
849 2417 940 2451 ecrit
961 2415 1204 2450 diversement
1222 2414 1310 2448 dans
1328 2413 1378 2447 les
1397 2412 1506 2447 recits

95 2478 140 2511 ‹le
158 2477 188 2512 la
209 2479 388 2524 premiere
406 2478 568 2512 croisade
588 2494 594 2512 ε
613 2479 726 2513 vullis
744 2477 789 2511 cle
805 2478 911 2519 Lem,
934 2475 979 2509 cle
997 2475 1095 2518 Sem,
1116 2474 1161 2509 de
1178 2474 1312 2516 Issem,
1333 2480 1386 2507 est
1402 2485 1504 2506 men*

98 2539 243 2572 lionnee
264 2551 329 2584 par
347 2550 502 2586 presque
520 2545 601 2573 tous
618 2538 669 2572 les
688 2538 898 2572 historiens
918 2536 1042 2580 Voyez
1061 2534 1258 2578 ci-dessus,
1279 2546 1313 2579 p.
1335 2532 1414 2567 586.

143 2599 191 2643 (w)
212 2598 346 2644 Depuis
363 2598 396 2632 lc
420 2601 459 2641 14
477 2611 523 2632 ou
548 2597 586 2632 15
605 2598 734 2632 [cvi-ier
750 2596 919 2642 jusqn'an
945 2593 983 2628 13
1004 2594 1086 2628 mai.

143 2657 191 2701 (3)
217 2657 263 2691 Le
287 2671 325 2691 ιυ
344 2658 445 2692 avril.

145 2717 193 2761 4)
226 2719 254 2750 Α
285 2730 328 2750 cn
356 2718 473 2750 croire
502 2725 604 2751 notre
632 2724 776 2757 auteur,
812 2713 1045 2747 l'abondance
1073 2712 1191 2746 aurait
1220 2711 1329 2755 regne
1358 2708 1445 2741 dans
1473 2706 1503 2739 lv

98 2789 200 2822 camp
219 2776 280 2809 ‹lvs
298 2776 492 2810 Clu-cneus
513 2775 670 2821 pendant
693 2775 724 2808 lc
744 2775 839 2819 sii-ge
856 2772 1042 2815 ‹Vm-chis,
1062 2770 1180 2805 tandis
1197 2768 1302 2815 qu'au
1323 2766 1504 2799 ‹·.‹›nn·.1i·-·›
