2085 3455
601 282 679 319 382
978 278 1219 317 HISTORIA
1248 277 1647 316 ECCLESIASTICA.

605 368 691 416 fiee
721 378 985 432 susceptus,
1019 383 1168 414 xxxlv
1203 366 1338 412 annis
1373 366 1444 429 (1)
1469 364 1670 411 abbatiae
1692 365 1896 428 praefuit.
1929 366 2014 414 Hic

604 456 795 493 centum
813 456 860 492 et
879 443 1154 510 quindecim
1172 443 1425 506 discipulos
1444 440 1502 488 ad
1520 440 1854 488 monachatum
1875 459 2016 489 susce-

603 524 692 587 pit,
710 541 917 589 quorum
935 523 1082 568 vitam
1099 521 1288 568 mobilis
1298 522 1490 568 fortuna
1500 519 1791 566 variabiliter
1805 520 2012 584 agitavit.

604 600 727 646 Nam
744 599 939 664 quidam
961 615 1127 645 eorum
1141 635 1154 656 ,
1176 596 1433 644 virtutibus
1453 596 1701 654 florentes,
1723 595 1780 642 ad
1803 612 2016 659 supernae

603 677 865 724 vocationis
884 675 1101 722 bravium
1118 711 1130 731 ‚
1153 675 1254 721 Deo
1267 675 1489 739 juvante,
1511 683 1853 737 pervenerunt.
1880 671 2018 719 Non·
2060 675 2062 707 ἰ

604 754 724 800 nulli
749 771 891 812 vero,
925 752 1177 799 insidiante
1212 753 1408 810 Satana‚
1443 752 1492 798 in
1527 751 1850 798 coenolentam
1875 750 2020 797 vitio-

605 849 714 878 rum
734 831 1020 896 voraginem
1052 830 1221 894 relapsi
1247 840 1382 888 sunt,
1411 847 1436 876 a
1458 831 1587 894 justo
1610 827 1847 892 recepturi
1867 826 2019 892 judice

604 907 736 974 quod
759 918 1059 955 meruerunt.

668 986 761 1031 Sex
784 985 1013 1031 nimirum
1037 1001 1093 1031 ex
1123 983 1218 1042 his,
1250 1000 1368 1048 quos
1397 982 1657 1029 venerabili
1677 982 1884 1047 Rogerio
1907 980 2022 1028 sub-
2061 1012 2063 1014 -

599 1064 748 1128 jectos
787 1062 1019 1120 diximus,
1058 1061 1250 1108 abbates
1286 1061 1526 1108 vidimus:
1555 1060 1602 1107 id
1638 1071 1730 1117 est,
1761 1059 2023 1106 Guarinum
2061 1092 2063 1097 ι

605 1142 875 1187 Sartensem
899 1141 996 1204 (2),
1019 1138 1330 1187 Godisredum
1356 1138 1770 1195 Aurelianensem,
1792 1137 2024 1184 Gisleber-
2062 1127 2064 1186 }

607 1232 706 1267 turn
718 1220 994 1267 Glotensem
1006 1232 1017 1279 Q
1026 1221 1074 1283 5)
1088 1229 1228 1283 atque
1242 1216 1538 1264 Rodbertum
1556 1216 1919 1262 Pruneriensem
1931 1215 2020 1279 (4),
2062 1207 2064 1264 i

605 1298 918 1344 Guillelmum
953 1297 1146 1343 Bassum
1189 1305 1236 1341 et
1271 1293 1582 1340 Ludovicum.
1624 1292 1862 1339 Guarinus
1898 1292 2024 1338 enim
2062 1301 2065 1317 ²

604 1375 833 1438 magistro
853 1373 1093 1429 successit,
1122 1383 1170 1418 et
1186 1371 1421 1418 Uticensis
1439 1371 1646 1417 ecclesiae
1670 1370 1882 1434 regimen
1912 1369 2025 1432 plu-

603 1452 735 1498 ribus
756 1453 893 1498 annis
910 1451 1081 1498 tenuit.
1103 1449 1373 1497 Rodbertus
1390 1460 1546 1495 autem
1566 1448 1892 1495 Pruneriensis
1910 1448 2026 1493 Tor·
2062 1489 2065 1503 ,

604 1547 748 1577 nense
782 1528 1063 1576 coenobium
1099 1529 1146 1574 in
1185 1528 1356 1592 Anglia
1391 1538 1583 1574 strenue
1619 1525 1903 1590 gubernavit
1937 1523 2065 1590 (5).

604 1606 853 1655 Goisredus
869 1624 985 1653 vero
1008 1605 1360 1652 Aurelianensis
1378 1604 1667 1651 Eulandensi
1695 1604 1904 1650 ecclesiae
1931 1603 2027 1649 sere
2063 1620 2066 1664 j

608 1703 669 1733 xv
695 1685 830 1731 annis
855 1683 1043 1748 praefuit
1065 1683 1158 1745 (6),
1188 1692 1235 1729 et
1263 1681 1546 1729 Guillelmus
1569 1682 1731 1726 Bassus
1757 1680 2027 1726 Holmiense
2062 1690 2065 1723 ‘2

655 1900 706 1943 (1)
726 1898 811 1933 Ceci
829 1897 922 1931 n'est
939 1908 1002 1943 pas
1020 1902 1135 1930 exact.
1158 1895 1188 1929 Il
1205 1901 1259 1930 est
1277 1894 1362 1929 bien
1379 1895 1455 1928 vrai
1473 1905 1545 1941 que
1562 1892 1679 1940 l’abbe
1695 1892 1819 1939 Roger
1836 1893 1941 1926 vecut
1953 1891 2027 1937 jus·
2064 1911 2065 1939 j

607 1958 717 2006 qu'cn
744 1956 833 1991 1126
861 1968 910 1991 ou
934 1967 1041 2003 11273
1071 1955 1182 1998 mais,
1210 1966 1272 1988 sur
1297 1966 1333 1988 sa
1355 1953 1556 1996 demande‚
1586 1952 1611 1987 il
1641 1952 1693 1987 lui
1723 1952 1779 1987 fut
1806 1953 1953 1987 nomme
1979 1963 2027 1986 un
2064 1964 2065 1991 ‡

606 2029 817 2053 successeur
833 2016 866 2050 le
881 2015 968 2061 jour
987 2014 1032 2048 de
1049 2014 1295 2056 l'Ascension,
1319 2016 1364 2055 24
1383 2013 1453 2047 mai
1477 2027 1487 2047 1
1500 2011 1577 2047 123.

654 2078 705 2124 (2)
724 2076 871 2112 Guerin
889 2075 953 2109 des
973 2075 1125 2109 Essarts.

652 2137 703 2184 (3)
724 2136 914 2172 Gislebert
933 2136 979 2170 de
996 2134 1101 2170 Glos.

656 2198 705 2243 (A)
730 2197 832 2231 Nous
851 2206 1008 2242 pensons
1029 2206 1101 2241 que
1120 2206 1159 2228 ce
1179 2205 1406 2240 personnage
1424 2192 1512 2227 etait
1530 2191 1730 2238 originaire
1751 2190 1814 2225 des
1835 2190 2026 2225 Moutiers-

609 2259 790 2303 eii-Auge,
805 2255 897 2290 dont
910 2255 1006 2289 l’une
1021 2254 1083 2288 des
1098 2253 1191 2288 deux
1207 2253 1335 2299 eglises
1350 2252 1580 2299 appartcnait
1596 2251 1690 2286 alors
1704 2252 1723 2284 Ξι
1739 2241 2024 2291 saint-Evrbult‚

607 2322 645 2351 et
668 2314 858 2361 s'appclait
880 2315 1041 2349 Sanctus
1069 2313 1270 2347 Gervasiue
1295 2312 1340 2345 de
1365 2312 1575 2345 Prmzeleio.
1597 2310 1721 2355 Yoyez
1745 2308 1796 2343 les
1819 2308 1961 2343 chal-tes
1983 2306 2027 2341 de
2064 2327 2065 2331 =

610 2376 727 2410 Henri
748 2375 793 2409 Ιετ
810 2381 846 2409 et
863 2374 907 2409 de
929 2374 1070 2408 Robert
1088 2373 1134 2407 de
1155 2373 1335 2407 Leicester
1351 2384 1397 2406 en
1416 2371 1540 2405 saveur
1558 2370 1603 2404 de
1621 2375 1716 2404 cette
1733 2368 1882 2414 abbaye.

657 2434 709 2481 (5)
738 2433 880 2468 Robert
913 2433 971 2468 fut
1002 2434 1152 2468 nomme
1187 2432 1279 2466 abbe
1317 2431 1362 2465 de
1397 2431 1571 2476 Thorney
1599 2427 1970 2474 (Cambridgeshire)
1995 2426 2026 2460 le
2064 2454 2066 2458 ,

617 2495 654 2528 15
677 2492 891 2528 aofit1113.

657 2554 707 2599 (6)
721 2553 751 2588 Il
766 2554 823 2592 n'a
838 2554 944 2600 point
960 2554 1073 2588 existe
1085 2553 1259 2599 d'abbaye
1275 2552 1320 2586 de
1335 2564 1374 2586 ce
1388 2563 1474 2585 nom
1488 2562 1534 2584 en
1553 2549 1783 2596 Angleterre.
1803 2547 1900 2582 Lisez
1918 2562 1924 2580 τ
1945 2547 2027 2582 Cru-
2064 2567 2065 2578 i

610 2614 784 2649 londensi
802 2615 979 2656 ecclem'oe,
1002 2613 1163 2659 l'abbaye
1187 2612 1231 2646 de.
1255 2610 1453 2658 Croyland.
1479 2611 1537 2645 Au
1564 2609 1659 2655 sujet
1683 2609 1727 2643 de
1753 2614 1847 2643 cette
1870 2606 2025 2653 abbaye,
2063 2627 2065 2632 ι

611 2686 719 2718 voyez
744 2671 942 2715 ci-dessus‚
969 2678 995 2706 t.
1024 2672 1076 2713 ΙΙ,
1107 2685 1143 2718 p.
1170 2670 1341 2718 2680289.
1369 2669 1535 2705 Geoffroi
1558 2667 1776 2710 d'Orleans,
1802 2666 1905 2713 apres
1930 2663 2026 2698 avoir
2064 2699 2065 2702 Ἴ

612 2732 687 2778 pris
702 2731 829 2765 Phabit
843 2732 861 2764 a
875 2722 1161 2773 Saint-Evmult,
1183 2742 1266 2764 sous
1282 2728 1399 2763 l’abbe
1416 2728 1583 2770 Mainier,
1604 2726 1661 2761 sut
1678 2725 1769 2760 abbe
1784 2725 1829 2759 de
1846 2719 2026 2770 Croyland

611 2806 655 2826 cn
679 2803 778 2838 1109.
808 2791 906 2824 Nous
933 2802 1039 2824 avons
1068 2803 1110 2823 vu
1138 2790 1316 2825 ci-desms
1343 2790 1388 2833 (t.
1415 2788 1471 2828 Π,
1499 2800 1535 2834 p.
1558 2786 1646 2831 268)
1672 2798 1743 2833 que
1764 2792 1869 2820 notre
1894 2789 2021 2819 auteur
