2033 3445
82 306 216 354 [1081]
555 302 708 339 LIBER
737 300 1004 338 SEPTIMUS.
1414 302 1490 339 169

80 389 271 438 Eadem
294 406 513 436 mensura
550 406 646 452 qua
683 389 836 433 mensi
852 384 1083 449 fixeritis,
1112 387 1382 431 remetietur
1404 406 1492 433 vo-

83 467 262 529 bis(1).
288 466 436 522 Ecce,
463 466 582 511 sicut
619 463 820 510 Michael
847 463 1029 526 pepulit
1060 462 1323 524 Diogenem
1353 463 1492 508 vitri—

81 562 186 591 cum
216 561 351 589 suum
374 542 431 588 de
455 542 600 606 regali
626 541 744 588 solio
761 578 771 597 ,
797 541 862 586 sic
887 540 982 603 ipse
1014 539 1071 586 de
1095 538 1262 585 eodem
1286 538 1493 585 culmine

81 621 396 684 praecipitatus
430 630 498 665 est
527 637 551 664 a
586 619 844 674 Bitinaci03
881 618 959 682 qui
998 615 1310 662 nihilominus
1352 616 1491 661 simili

80 699 262 762 repulsa
285 698 489 762 dejectus
508 708 577 744 est
601 696 660 743 ab
685 696 871 742 Alexio.

143 776 358 833 Alexius,
385 793 492 822 cum
515 773 785 839 patriarcha
812 774 954 838 regiae
980 772 1109 818 urbis
1132 791 1184 819 ac
1207 771 1495 840 sapientibus

79 865 124 900 et
145 852 439 900 senatoribus
463 853 598 917 regni
624 852 902 899 Graecorum
917 889 929 908 ‚
957 850 1172 897 definivit
1196 867 1255 896 ne
1280 860 1495 896 sanctum

78 931 328 994 imperium
347 929 627 977 redderetur
649 929 868 976 Michaeli
883 966 894 986 ‚
918 929 997 993 qui
1026 928 1083 974 ad
1102 927 1254 975 hostes
1279 926 1495 991 publicos

77 1008 376 1072 confugerat,
403 1018 449 1053 et
487 1006 714 1053 malefidis
743 1023 789 1052 se
824 1018 870 1052 et
907 1007 1066 1053 omnia
1099 1023 1177 1051 sua
1205 1005 1496 1052 Normannis

77 1086 400 1143 commiserat,
425 1084 595 1149 quibus
609 1085 755 1131 moris
771 1095 839 1130 est
859 1084 1111 1148 imperium
1125 1084 1260 1141 sociis
1276 1100 1372 1129 non
1395 1082 1497 1129 red-

77 1161 213 1218 dere,
240 1161 317 1208 sed
356 1163 565 1218 auferre,
603 1173 649 1208 et
681 1179 798 1226 quos
833 1161 892 1207 ab
927 1162 1028 1207 aliis
1054 1160 1230 1207 debent
1265 1160 1492 1217 liberare,

77 1249 216 1303 atque
238 1238 295 1284 ad
326 1237 641 1286 obtinendum
665 1237 849 1284 debitos
873 1240 1014 1284 fasces
1040 1237 1287 1301 adjuvare,
1315 1236 1494 1283 crudeli

78 1315 176 1361 ritu
197 1314 399 1378 demptis
421 1314 684 1362 honoribus
708 1314 794 1360 sibi
816 1315 1004 1378 penitus
1027 1314 1294 1378 subjugare.
1316 1313 1496 1377 Anglos

82 1393 245 1456 igitur,
274 1393 385 1457 qui,
411 1403 662 1457 perempto
687 1393 894 1439 Heraldo
921 1409 1058 1456 rege,
1090 1410 1195 1438 cum
1221 1390 1498 1454 proceribus

80 1470 214 1534 regni
241 1469 497 1517 Albionem
520 1470 838 1534 reliquerant,
862 1480 908 1515 et
926 1488 949 1515 a
977 1470 1094 1516 ‘facie
1114 1469 1351 1515 willelmi
1375 1470 1497 1533 regis

79 1563 165 1609 per
199 1547 402 1594 Pontum
442 1549 488 1593 in
527 1546 780 1593 Thraciam
817 1548 1182 1611 navigaverant,
1221 1546 1413 1593 Alexius
1451 1548 1496 1592 in

77 1625 331 1670 amicitiam
356 1623 440 1670 sibi
463 1626 651 1681 aseivit,
673 1625 831 1690 eisque
856 1626 1118 1689 principale
1137 1625 1364 1689 palatium
1382 1661 1394 1683 ,
1425 1641 1496 1670 re-

78 1702 269 1767 giosque
303 1701 545 1749 thesauros
582 1703 738 1766 palam
774 1703 1155 1758 commendavit3
1203 1703 1319 1767 quin
1356 1703 1497 1749 etiam

78 1796 154 1826 eos
175 1781 338 1844 capitis
361 1781 457 1837 sui,
487 1797 743 1845 rerumque
767 1799 958 1827 suarum
980 1781 1194 1828 custodes
1221 1781 1380 1845 posuit
1405 1782 1493 1844 (2).

78 1970 96 2002 a
111 1967 234 2003 l’office
248 1968 478 2015 domestique
496 1981 567 2016 que
583 1976 687 2003 notre
705 1976 836 2003 auteur
853 1969 957 2015 prete
975 1981 1044 2002 aux
1063 1968 1158 2003 deux
1179 1969 1381 2016 princesses
1399 1968 1495 2003 Ror-

83 2026 228 2062 mandes
247 2029 330 2074 pres
343 2027 520 2070 d’Alexis,
544 2039 634 2062 nous
651 2028 796 2062 n’avons
810 2040 929 2061 aucun
948 2028 1248 2074 renseignement
1263 2028 1378 2062 forme
1391 2028 1497 2075 lpour

83 2087 119 2121 ni
134 2094 259 2122 contre
272 2102 281 2130 3
296 2088 386 2121 mais
401 2099 492 2122 nous
505 2100 526 2133 y
540 2095 716 2122 trouvons
728 2100 797 2134 peu
810 2087 856 2122 de
870 2099 1098 2123 eonvenance
1111 2094 1148 2123 et
1158 2087 1204 2122 de
1217 2088 1499 2123 vraisemblance

84 2144 128 2180 de
147 2144 179 2179 la
197 2152 277 2192 part
301 2145 388 2180 ‹l'un
414 2158 617 2193 monarque
634 2146 700 2193 fige
718 2146 938 2188 seulement,
957 2148 975 2180 a
996 2153 1090 2180 cette
1107 2148 1271 2194 epoque,
1290 2147 1335 2181 de
1359 2154 1499 2181 trente-

84 2204 172 2238 trois
191 2216 268 2253 anS.
287 2204 316 2238 ll
335 2217 380 2239 ne
398 2204 476 2239 saut
493 2217 554 2251 pas
571 2200 691 2239 croire
707 2204 856 2252 qu'elles
874 2205 1015 2240 fussent
1032 2205 1160 2240 isolees
1174 2206 1218 2240 de
1238 2206 1318 2240 leur
1338 2206 1463 2240 nation
1482 2209 1499 2239 a

85 2262 398 2310 Constantinople.
415 2266 462 2299 La
477 2258 567 2299 cour
584 2272 620 2299 et
636 2265 782 2299 l'armee
799 2265 958 2300 d'Alexis
975 2265 1237 2300 rensermaient
1253 2266 1443 2313 beaucoup
1455 2266 1500 2300 de

86 2322 309 2367 Normands,
339 2331 375 2358 et
408 2332 513 2360 entre
538 2332 659 2359 autres
683 2325 763 2359 leur
790 2326 916 2359 cousin
945 2327 1108 2372 germain
1134 2327 1353 2361 Constantin
1377 2328 1499 2361 Hum-

85 2381 312 2430 bertopoulc,
334 2384 388 2418 fils
402 2384 623 2420 d’Humbert
643 2384 688 2419 de
703 2384 920 2428 Ilauteville,
935 2387 997 2433 qui
1015 2387 1108 2420 avait
1126 2388 1201 2433 pris
1221 2394 1302 2432 part
1321 2389 1338 2421 a
1359 2386 1501 2421 l'eleva—

86 2442 162 2476 tion
181 2443 350 2478 d’Alexis.
382 2444 482 2479 Nous
506 2457 615 2480 avons
634 2445 741 2492 peine
767 2447 785 2479 a
808 2446 925 2480 croire
947 2446 1036 2493 qu’il
1055 2460 1074 2493 y
1094 2447 1146 2481 ait
1164 2459 1208 2481 eu
1234 2447 1329 2481 deux
1349 2447 1437 2482 filles
1455 2447 1500 2481 de

87 2500 226 2537 Robert'
241 2503 422 2538 Guiscard
436 2507 612 2550 envoyees
628 2507 646 2539 a
665 2505 987 2551 Constantinople,
1008 2518 1150 2541 comme
1165 2506 1197 2541 le
1217 2507 1370 2553 pretend
1395 2514 1499 2541 notre

89 2567 226 2596 auteur.
240 2563 340 2597 Tout
353 2575 444 2598 nous
463 2571 567 2610 porte
586 2566 604 2598 51
623 2565 740 2599 croire
759 2577 803 2598 au
818 2564 1000 2599 contraire
1013 2566 1102 2613 qu'il
1121 2566 1180 2613 n'y
1195 2566 1261 2601 alla
1275 2579 1347 2614 que
1360 2566 1496 2608 l’ainee‚

88 2622 104 2653 a
123 2621 185 2668 qui
203 2621 253 2656 les
270 2623 387 2658 Grecs
405 2623 611 2659 donne-rent
623 2624 656 2659 le
671 2637 755 2659 nom
770 2624 965 2669 d’Helene,
979 2633 1016 2661 et
1033 2627 1097 2673 qui
1115 2627 1171 2661 sut
1188 2629 1364 2673 renvoyee
1384 2627 1498 2661 liono-

90 2680 289 2718 rablement
307 2685 325 2716 a
342 2695 406 2718 son
424 2684 519 2719 frere
539 2684 674 2731 Roger,
691 2685 794 2731 apres
815 2683 844 2719 la
867 2693 961 2720 mort
979 2686 1023 2721 de
1042 2687 1183 2722 Robert
1202 2687 1396 2722 Guiscard.

135 2740 182 2784 (ι’)
205 2741 286 2775 Luc.
311 2754 364 2784 vi,
386 2741 443 2778 38.

140 2800 184 2843 Ὦ.)
200 2801 297 2835 Tout
319 2804 390 2836 ceci
417 2811 465 2837 est
488 2803 581 2837 dela
603 2805 698 2838 som·
719 2805 763 2838 de
784 2818 822 2837 ce
847 2806 909 2851 qui
930 2806 1094 2851 precede.
1130 2806 1153 2840 ll
1179 2820 1222 2841 ne
1251 2809 1302 2839 fut
1329 2813 1499 2852 question
