2033 3445
106 331 206 381 [mo
226 345 310 371 Auo.
333 325 456 381 1099]
620 331 774 371 LIBER
801 326 979 370 NONUS.
1423 335 1497 373 621

102 418 364 473 civitatem,
390 435 535 480 quam
559 428 608 464 ut
627 418 730 465 Deo
751 419 1021 483 adquireret
1043 420 1219 465 aeri-ter
1239 427 1503 483 expugna-

103 494 190 550 vit,
215 505 467 557 gratanter
485 497 529 539 ei
553 495 693 541 debes
719 495 876 541 urbem
899 495 1089 557 offerre,
1118 513 1262 559 quam
1286 497 1499 542 nondum

98 572 337 634 possides,
361 573 521 636 etipse
539 575 748 635 requirit.
772 571 932 619 Nobis
956 574 1096 629 enim,
1121 574 1190 618 ad
1212 573 1319 619 loca
1338 585 1501 619 nostra

99 648 441 706 remeantibus,
483 650 682 695 consilio
714 667 953 714 manuque
986 652 1084 696 sine
1119 650 1263 695 dubio
1298 651 1379 695 tibi
1414 653 1501 697 erit

98 730 246 775 valde
274 727 584 774 necessarius.
621 728 800 772 Civitas
836 730 979 791 regiae
1011 728 1255 792 majestati
1283 727 1503 773 nobiliter·

98 818 141 852 et
172 807 340 853 utiliter
363 804 649 870 subjacebit,
673 820 765 869 pro
791 821 888 867 qua
912 815 1072 849 tantus
1101 805 1237 849 lzeros
1265 804 1310 849 ei
1340 803 1499 849 homi-

96 888 226 930 nium
239 884 402 948 faciet
436 902 497 930 ac·
525 882 764 928 militabit.
799 882 925 945 Rege
962 881 1337 945 persuasionibus
1366 881 1499 944 opti-

95 972 273 1008 matum
307 979 403 1009 non
442 960 797 1025 adquiescente,
838 976 991 1006 comes
1025 960 1169 1004 iratus
1203 959 1416 1015 recessit,
1453 968 1500 1004 et

94 1039 375 1086 Ascalonitis
397 1049 448 1084 ut
467 1055 561 1084 sese
588 1037 892 1101 pertinaciter
912 1035 1215 1082 defenderent
1237 1034 1494 1081 mandavit.

93 1116 192 1161 Rex
231 1125 387 1162 autem
427 1114 643 1162 obsidere
678 1113 846 1160 urbem
882 1114 1062 1171 voluit;
1103 1113 1181 1159 sed
1220 1112 1497 1176 proceribus

93 1194 271 1240 cunctis
301 1211 400 1257 prae
432 1194 499 1238 ira
530 1202 575 1239 et
604 1192 877 1256 fatigatione
903 1190 1253 1248 recedentibus,
1284 1191 1354 1236 nil
1383 1207 1498 1253 per-

92 1281 279 1334 petrare
315 1271 438 1317 solus
474 1270 660 1334 potuit,
704 1269 1028 1334 oppidumque
1067 1269 1263 1314 illaesum
1298 1278 1497 1314 moestus

88 1346 281 1393 dimisit.
320 1346 445 1394 Proh
481 1346 663 1411 pudor!
707 1363 791 1393 nec
825 1347 945 1409 ipse,
985 1362 1071 1392 nec
1102 1345 1180 1391 alii
1216 1361 1373 1408 reges,
1413 1345 1493 1408 qui

90 1433 193 1486 post
217 1440 324 1469 eum
351 1440 437 1487 per
461 1440 521 1469 XL
545 1439 693 1469 amios
716 1422 786 1485 (ι)
816 1432 1165 1486 regnaverunt,
1195 1420 1495 1484 saepedictam

86 1500 444 1547 Philistinorum
473 1501 777 1563 metropolim
800 1516 945 1563 usque
976 1498 1033 1545 ad
1062 1498 1340 1545 hodiernam
1369 1497 1495 1543 diem

89 1577 292 1623 nancisci
317 1587 574 1640 potuerunt
586 1595 599 1633 3
623 1576 768 1622 immo
787 1592 872 1638 per
891 1592 992 1621 eam
1014 1576 1118 1638 plus
1138 1592 1278 1639 quam
1303 1583 1492 1620 centum

86 1654 233 1700 millia
260 1653 508 1701 hominum
528 1690 540 1711 ,
566 1663 743 1717 praeter
771 1653 856 1698 alia
892 1654 1139 1699 innumera
1177 1651 1490 1706 detrimenta,

86 1730 413 1794 perdiderunt.
440 1732 514 1777 Sic
538 1729 812 1776 insatiabilis
836 1731 1047 1777 lucratur
1071 1729 1285 1775 ambitio.
1314 1729 1360 1774 Si
1383 1743 1494 1774 vera

85 1806 277 1854 dilectio
314 1824 475 1871 regem
508 1805 807 1870 possedisset,
845 1817 890 1852 et
924 1806 1018 1869 ipse
1051 1806 1324 1869 proximum
1356 1821 1491 1850 suum

81 1887 211 1949 juxta
243 1885 394 1949 legem
424 1885 507 1930 Dei
540 1883 659 1930 sicut
693 1900 739 1929 se
771 1883 1030 1940 dilexisset,
1066 1882 1234 1929 hostile
1263 1881 1490 1945 oppidum

86 1964 180 2026 ipsa
218 1962 292 2010 die
331 1963 520 2026 adipisci
555 1963 806 2026 potuisset,
834 1979 919 2025 per
956 1961 1084 2026 quod
1114 1961 1237 2007 liber
1269 1961 1492 2006 transitus

83 2055 230 2104 usque
246 2040 292 2085 in
306 2039 595 2102 Babylonem
611 2039 901 2087 Christicolis
917 2039 1154 2103 patuisset.
1175 2036 1491 2084 Godefredum

85 2133 243 2181 regem
266 2118 469 2163 multum
493 2115 657 2173 laudo,
684 2116 780 2174 sed,
803 2117 921 2162 sicut
943 2116 1112 2161 Paulus
1134 2114 1370 2178 apostolus
1392 2113 1490 2160 Co-

82 2194 273 2241 rinthiis
294 2194 458 2242 scribit
483 2196 571 2258 (2),
599 2195 646 2241 in
671 2194 760 2241 hoc
781 2211 879 2241 non
903 2192 1059 2240 laudo.

146 2273 320 2319 Fertur
359 2273 404 2318 in
443 2290 601 2336 pugna
634 2271 984 2318 Admiravisum
1012 2269 1223 2316 habuisse
1255 2285 1305 2314 cc
1340 2267 1489 2314 millia

82 2349 292 2396 militum
325 2360 369 2396 et
404 2350 673 2396 innumeras
710 2348 928 2396 cohortes
969 2347 1198 2411 peditum.
1235 2345 1487 2391 Christiani

82 2437 239 2474 autem
256 2427 525 2474 habuerunt
548 2443 667 2491 pene
687 2427 817 2473 mille
840 2427 1034 2482 milites,
1058 2436 1105 2472 et
1127 2443 1222 2472 xxx
1241 2424 1387 2470 millia
1403 2440 1488 2487 pe-

82 2502 252 2550 ditum.
280 2503 371 2563 Qui
397 2505 591 2568 juvante
618 2504 740 2557 Deo,
775 2502 899 2549 caede
929 2512 1142 2566 peracta,
1176 2501 1350 2547 reversi
1381 2509 1490 2546 sunt

130 2645 181 2687 (ι)
198 2644 249 2678 Ce
269 2643 397 2678 cliiffre
415 2644 550 2678 semble
570 2644 754 2691 indiquer,
776 2642 856 2676 saus
873 2641 906 2675 le
925 2653 995 2688 peu
1015 2640 1061 2675 de
1081 2640 1264 2675 confiance
1281 2639 1390 2686 qu’on
1412 2637 1490 2672 doit

83 2703 182 2737 avoir
195 2702 283 2737 dans
302 2703 350 2738 les
369 2704 621 2750 supputations
634 2703 679 2737 de
694 2709 798 2737 notre
816 2708 957 2743 auteur,
973 2712 1019 2735 en
1035 2700 1205 2735 nombres
1223 2697 1352 2740 routh,
1370 2708 1440 2744 que
1455 2696 1487 2730 la

83 2763 131 2797 sin
149 2762 198 2797 du
219 2764 406 2798 neuvieme
424 2763 511 2798 livre
529 2763 681 2797 n’aurait
700 2774 761 2808 pas
779 2763 834 2796 ete
851 2762 963 2796 ecrite
981 2767 1084 2795 avant
1107 2758 1203 2806 1159.

129 2824 178 2867 (2)
201 2822 227 2856 Ι.
251 2823 331 2857 Cor.
354 2833 411 2857 2¹2.
