2085 3455
563 280 643 320 324
924 278 1165 317 HISTORIA
1198 276 1600 314 ECCLESIASTICA.
1695 278 1815 325 [CIRCA
1848 277 1961 325 1000]

558 365 985 423 debacchabantur,
1013 363 1404 427 Sodomiticisque
1427 361 1661 425 spurcitiis
1690 360 1803 407 foedi
1835 371 1960 406 cata-

558 445 685 490 mitae
707 445 795 506 (1),
819 442 1016 489 flammis
1041 441 1225 497 urendi,
1251 441 1452 503 turpiter
1474 438 1804 485 abutebantur.
1828 438 1961 484 Ritus

556 520 755 567 heroum
785 519 1089 583 abjiciebant,
1120 518 1417 564 hortamenta
1443 515 1738 563 sacerdotum
1773 514 1961 561 deride>-

553 596 692 653 bant,
720 596 1116 659 barbaricumque
1152 611 1332 641 morem
1369 595 1415 639 in
1451 593 1613 639 habitu
1647 604 1693 639 et
1715 593 1809 638 vita
1834 602 1961 638 tene-

551 672 683 719 bant.
724 673 844 719 Nam
869 673 1061 735 capillos
1086 690 1109 716 a
1146 673 1318 717 vertice
1352 672 1396 716 in
1430 671 1638 716 frontem
1664 668 1958 715 discrimina-

551 749 689 804 bant,
736 751 902 813 longos
937 750 1090 795 crines
1128 749 1270 793 veluti
1313 748 1531 793 mulieres
1577 746 1873 803 nutriebant,
1914 758 1960 793 et

548 844 845 890 summopere
871 826 1123 882 curabant,
1146 826 1435 889 prolixisque
1471 826 1764 888 nimiumque
1786 825 1957 870 strictis

547 905 743 950 camisiis
780 902 935 957 indui,
966 903 1229 966 tunicisque
1266 901 1549 966 gaudebant.
1587 902 1737 947 Omne
1775 912 1955 964 tempus

544 980 736 1044 quidam
772 979 1085 1041 usurpabant,
1124 990 1169 1024 et
1195 990 1331 1024 extra
1364 980 1516 1042 legem
1556 979 1637 1024 Dei
1679 995 1954 1042 moremque

544 1058 750 1120 patrium
774 1074 864 1120 pro
889 1056 1027 1102 libitu
1053 1073 1135 1102 suo
1154 1056 1404 1102 ducebant.
1430 1056 1577 1102 Nocte
1605 1057 1952 1102 comessationi-

543 1135 628 1180 bus
653 1146 700 1180 et
723 1134 1072 1198 potationibus,
1095 1135 1316 1197 vanisque
1342 1134 1823 1191 confalmiationibus,
1845 1135 1953 1180 aleis

542 1223 588 1257 et
624 1213 830 1268 tesseris,
873 1212 1066 1275 aliisque
1100 1210 1291 1257 ludicris
1326 1213 1396 1271 (2)
1433 1212 1682 1267 vacabant3
1718 1211 1792 1257 die
1839 1229 1953 1258 vero

540 1289 858 1336 dormiebant.
881 1289 955 1335 Sic
984 1300 1089 1350 post
1118 1288 1301 1334 obitum
1327 1288 1545 1353 Gregorii
1574 1307 1731 1352 papae,
1758 1299 1804 1334 et
1826 1288 1953 1334 Guil—

542 1368 669 1413 lelmi
694 1367 864 1422 Nothi,
901 1368 1198 1431 aliorumque
1224 1367 1496 1429 principum
1520 1367 1874 1430 religiosorum,
1906 1367 1949 1412 in

540 1445 745 1492 occiduis
771 1445 985 1509 partibus
1008 1461 1128 1508 pene
1154 1456 1277 1490 totus
1310 1444 1513 1490 abolitus
1543 1456 1611 1490 est
1636 1444 1855 1490 honestus
1875 1462 1952 1507 pa-

541 1532 669 1567 trum
689 1538 790 1567 mos
813 1522 1136 1584 antiquorum.
1160 1521 1232 1565 llli
1251 1521 1378 1566 enim
1398 1520 1617 1567 modestis
1635 1519 1952 1566 vestiebantur

540 1597 853 1651 indumentis,
896 1598 1168 1660 optimeque
1216 1598 1439 1659 coaptatis
1473 1597 1529 1643 ad
1565 1599 1632 1643 sui
1684 1614 1950 1644 mensuram

538 1674 769 1737 corporis.
807 1673 871 1719 Et
893 1684 1029 1718 erant
1059 1672 1235 1719 habiles
1261 1673 1317 1718 ad
1349 1673 1658 1737 equitandum
1685 1685 1730 1720 et
1761 1690 1951 1719 curren-

537 1751 649 1797 dum
663 1787 675 1807 ,
697 1762 742 1797 et
757 1750 814 1796 ad
828 1768 970 1797 omne
987 1768 1103 1813 opus
1119 1750 1245 1814 quod
1263 1752 1384 1797 ratio
1398 1751 1677 1814 suggerebat
1695 1751 1946 1815 agendum.

540 1830 624 1874 Ast
642 1829 691 1874 in
715 1827 879 1873 diebus
902 1829 997 1874 istis
1017 1839 1229 1873 veterum
1254 1828 1370 1873 ritus
1384 1845 1502 1891 pene
1529 1839 1651 1874 totus
1672 1830 1804 1874 novis
1823 1828 1952 1874 adin-

539 1905 840 1952 ventionibus
887 1916 1202 1951 commutatus
1249 1916 1333 1951 est.
1378 1905 1647 1951 Femineam
1697 1906 1945 1952 mollitiem

537 1984 750 2046 petulans
779 1984 1001 2047 juventus
1033 1983 1354 2046 amplectitur,
1378 1983 1655 2047 seminisque
1680 1983 1769 2028 viri
1797 1983 1946 2029 curia-

538 2062 601 2107 les
635 2062 683 2106 in
716 2061 846 2107 omni
893 2061 1073 2106 lascivia
1112 2077 1412 2124 summopere
1456 2061 1725 2106 adulantur.
1771 2060 1946 2106 Pedum

536 2138 767 2194 articulis,
799 2135 877 2182 ubi
914 2135 1016 2183 linis
1043 2148 1111 2183 est
1133 2138 1371 2200 corporis,
1404 2136 1762 2184 colubrinarum
1785 2137 1948 2182 simili-

540 2214 749 2260 tudinem
786 2213 1040 2259 caudarum
1067 2215 1344 2277 imponunt,
1380 2232 1494 2278 quas
1520 2215 1646 2260 velut
1676 2214 1945 2276 scorpiones

538 2310 638 2355 pree
656 2292 803 2338 oculis
828 2292 920 2337 suis
938 2292 1252 2355 prospiciunt.
1284 2293 1493 2338 Humum
1520 2309 1707 2356 quoque
1730 2292 1945 2354 pulveru—

535 2371 713 2416 lentam
733 2371 1045 2415 interularum
1066 2381 1112 2416 et
1132 2371 1385 2433 palliorum
1403 2369 1640 2433 superfluo
1654 2380 1857 2415 surmate
1874 2369 1942 2431 (3)

581 2538 632 2580 (1)
653 2538 774 2582 Voyez
796 2537 990 2575 ei-desffls,
1012 2544 1038 2569 t.
1060 2537 1116 2579 II,
1140 2550 1172 2582 p.
1193 2535 1274 2572 585.

581 2597 630 2640 (2)
650 2595 848 2630 Ludibriis:
872 2595 938 2628 Ms.
958 2595 1002 2628 (le
1022 2595 1052 2628 la
1075 2596 1173 2629 reine
1192 2595 1236 2628 de
1255 2594 1384 2629 Subde.

583 2653 632 2700 (3)
655 2655 710 2688 Du
731 2661 805 2688 mot
827 2666 909 2700 grec
929 2657 1047 2698 σὺρμει,
1074 2666 1192 2701 queue
1211 2654 1256 2689 (le
1275 2654 1379 2696 robe,
1404 2655 1547 2699 portion
1569 2653 1746 2687 trainantc
1767 2652 1828 2686 des
1846 2652 1941 2686 vete·

538 2722 665 2749 mvnts.
699 2715 745 2749 Le
772 2721 867 2749 texte
894 2715 937 2747 «ἵν
969 2715 1159 2749 [incheme
1188 2722 1292 2760 porte
1320 2716 1468 2752 scisma,
1499 2727 1559 2759 pai·
1588 2714 1680 2746 suite
1707 2711 1814 2746 (l'une
1846 2712 1940 2745 sante

536 2774 581 2807 ‹l'i
590 2774 802 2821 inpression.
