2033 3445
57 275 132 322 [x⁰,
160 280 215 308 xx0
236 285 335 309 JtJNn
361 271 482 321 1098]
552 270 706 309 LIBER
735 270 981 308 OCTAVUS.
1394 274 1472 312 545

56 375 225 403 narum
251 357 453 403 conscia.
490 356 811 404 Jactabundus
832 355 970 402 heros
997 358 1248 421 lugubrem
1271 371 1469 407 matrem

54 433 266 499 superbis
288 434 682 497 promissionibus
715 435 1026 497 compescuit,
1059 446 1104 481 et
1125 437 1260 482 tertia
1295 437 1369 484 die
1393 457 1472 484 ar—

53 522 204 558 matus
222 512 271 557 in
289 511 518 575 oppidum
532 511 620 558 sibi
637 513 956 567 commissum,
973 530 1082 558 cum
1098 513 1256 559 nimiis
1270 516 1468 573 viribus,

52 589 199 635 venit.
229 587 485 634 Christiani
511 587 700 634 obviam
727 588 969 633 Ismaelitis
995 589 1239 646 exierunt;
1267 591 1345 636 sed
1378 593 1471 638 im-

51 683 262 713 mensam
295 664 655 712 multitudinem
690 676 736 711 et
768 664 1099 712 fortitudinem
1137 666 1328 712 illorum
1367 686 1472 732 per-

49 745 174 790 ferre
219 744 556 808 nequiverunt.
593 742 849 806 Extemplo
892 743 938 788 in
982 743 1219 789 civitatem
1259 746 1473 810 refugere

50 822 197 868 coacti
234 831 371 875 sunt,
399 831 445 866 et
479 821 526 865 in
553 830 751 883 angusto
784 831 1034 883 portarum
1062 821 1272 885 ingressu
1302 824 1467 879 multi,

52 899 305 962 repentino
330 897 508 960 impetu
530 896 741 943 suffocati
756 933 768 956 ,
788 897 1035 960 perierunt
1056 898 1076 959 <
1086 899 1145 960 1).
1174 899 1316 946 Turci
1343 902 1471 947 enim

52 975 358 1022 vehementer
381 991 458 1021 eos
484 975 686 1038 aggressi
716 985 841 1019 sunt.
871 973 1092 1020 Incubuit
1112 992 1226 1039 ergo
1250 976 1471 1024 Christia-

53 1054 126 1099 nis
147 1070 318 1117 magna
337 1052 618 1116 desperatio.
647 1050 742 1097 Alii
771 1062 926 1097 tamen
945 1052 1062 1098 alios
1083 1054 1467 1114 consolabantur,

52 1141 100 1177 et
119 1131 165 1176 in
184 1129 309 1176 diem
325 1131 579 1176 crastinam
597 1128 654 1175 de
668 1129 838 1192 praelio
858 1129 1282 1177 concionabantur.
1307 1130 1468 1198 Aliqui

53 1217 208 1252 tamen
224 1243 235 1262 ,
263 1207 387 1252 ultra
412 1206 487 1270 jus
512 1215 558 1251 et
579 1205 644 1250 fas
668 1205 1062 1261 meticulosiores,
1091 1204 1148 1251 ad
1173 1206 1370 1254 dedecus
1399 1211 1467 1255 sui

53 1295 198 1330 noctu
230 1283 286 1330 de
323 1283 430 1348 fuga
467 1283 812 1347 cogitaverunt.
852 1283 1127 1329 'Willelmus
1155 1285 1223 1346 (2)
1261 1286 1388 1332 cnim
1411 1286 1470 1333 de

52 1360 421 1406 Grentemaisnil
446 1371 492 1406 et
519 1359 767 1406 Albericus
790 1360 937 1405 frater
967 1360 1088 1423 ejus,
1126 1359 1281 1407 Guido
1316 1363 1469 1409 Trus-

52 1439 192 1485 sellus
212 1449 258 1484 et
278 1437 555 1484 Lambertus
573 1438 755 1500 Pauper
773 1439 843 1500 (3)
860 1475 871 1493 ,
895 1438 1242 1502 aliiqueplures
1262 1439 1466 1487 hesterni

52 1516 165 1563 belli
194 1517 365 1563 timore
385 1517 628 1580 perterriti
657 1526 790 1571 sunt3
812 1527 858 1561 et
884 1526 935 1561 ut
959 1517 1004 1561 in
1043 1517 1301 1563 crastinum
1332 1519 1468 1565 aufu-

53 1605 219 1659 gerent
264 1595 479 1651 solliciti,
522 1593 710 1640 funibus
749 1610 835 1656 per
880 1611 1071 1639 murum
1113 1593 1296 1641 demissi
1341 1609 1464 1643 sunt.

53 1670 207 1728 Unde,
225 1671 282 1717 ad
295 1689 424 1717 suam
441 1669 716 1716 diuturnam
735 1670 1062 1734 ignominiam,
1076 1671 1237 1717 furtivi
1256 1674 1470 1719 Funam-

100 1830 149 1873 (ι)
167 1829 251 1864 Ceci
267 1828 383 1862 arriva
400 1827 432 1862 le
446 1827 549 1873 jeudi
573 1840 611 1861 10
627 1828 720 1872 juin.
740 1827 788 1860 Le
805 1826 950 1861 combat
967 1827 1140 1861 continua
1156 1820 1256 1862 toute
1270 1828 1468 1874 lajourne'e

52 1887 104 1922 du
123 1887 344 1922 lcndemain.

98 1947 149 1990 (2)
186 1945 412 1979 Beau-frere
442 1944 486 1979 de
519 1943 719 1979 Boemond.
759 1942 875 1977 Raoul
911 1943 956 1978 de
989 1944 1087 1978 Caen
1121 1944 1177 1978 dit
1212 1946 1467 1991 positivement

53 2005 177 2053 qu'Ivc
195 2004 241 2039 de
258 2003 533 2039 Grentemesnil
555 2002 718 2037 s’associa
737 2003 756 2036 a
775 2001 807 2036 la
826 2005 938 2036 honte
957 2002 1002 2037 de
1023 2014 1076 2036 ses
1092 2002 1186 2037 deux
1204 2004 1331 2039 freres.
1351 2004 1381 2039 ll
1397 2006 1468 2040 cite

53 2076 184 2099 encore
213 2064 331 2110 parmi
355 2062 405 2097 les
436 2063 688 2097 Funamhules
708 2074 758 2095 un
787 2061 1054 2107 gentilhomme
1082 2063 1346 2109 Tonrangeau,
1378 2065 1467 2112 qu’il

52 2135 200 2158 nomme
232 2122 348 2157 Raoul
379 2122 424 2155 de
453 2121 500 2155 La
530 2120 753 2156 Fontenelle.
785 2120 911 2155 Pierre
946 2120 1149 2156 Tudehode
1177 2129 1261 2156 veut
1292 2135 1362 2169 que
1390 2124 1465 2158 Gui

52 2183 225 2218 Troussel
254 2182 343 2217 n⁷ait
368 2181 486 2229 quitte'
514 2181 659 2215 l'armee
686 2181 768 2228 qu'ii
794 2186 888 2215 cette
913 2181 1073 2228 e'poque,
1104 2188 1140 2215 et
1167 2182 1237 2215 cite
1263 2194 1394 2217 encore
1421 2196 1466 2217 au

52 2243 206 2277 nombre
231 2243 293 2277 des
314 2240 460 2287 suyards
481 2240 575 2275 deux
600 2251 842 2287 personnages
869 2241 1054 2283 nommes,
1081 2240 1156 2274 l’un
1182 2241 1394 2276 Guillaume
1422 2242 1466 2277 de

53 2300 300 2343 Bernouffille,
322 2307 358 2334 et
376 2300 503 2333 l’autre
522 2298 753 2341 Guillaume,
775 2297 829 2331 fils
846 2297 891 2332 de
911 2295 1086 2332 Richard.

100 2360 150 2406 (3)
168 2360 356 2402 Lambert,
378 2360 588 2393 surnornme
606 2358 638 2392 le
656 2358 814 2399 Pauvre,
837 2364 955 2391 comte
971 2357 1016 2392 de
1037 2357 1245 2402 Clermont,
1266 2360 1349 2405 pres
1367 2360 1464 2406 Huy,

53 2422 225 2468 province
251 2419 296 2455 de
325 2419 452 2466 Liegc,
485 2419 567 2465 puis
590 2417 635 2451 de
663 2417 874 2463 Montaigu,
903 2417 1007 2463 apres
1034 2416 1067 2451 la
1094 2425 1192 2452 mort
1219 2418 1264 2451 de
1292 2429 1357 2453 son
1381 2420 1466 2466 pere

53 2482 184 2526 (voyez
205 2479 404 2522 ci-dessus,
430 2492 466 2525 p.
485 2479 591 2525 477)‚
613 2477 743 2521 suivit,
767 2487 909 2510 comme
929 2475 1000 2518 lui,
1017 2487 1082 2510 son
1099 2476 1202 2511 oncle
1222 2476 1399 2512 Godefroi
1421 2478 1466 2512 dc

53 2538 221 2574 Bouillon
248 2541 268 2573 ἐι
293 2538 325 2573 la
343 2538 621 2579 Terre-Sainte‚
647 2549 693 2571 en
711 2536 830 2570 revint
849 2547 932 2569 avec
950 2536 1076 2570 Pierre
1100 2536 1265 2571 l’Ermite
1284 2549 1330 2571 en
1358 2538 1463 2581 1105,

54 2605 91 2633 et
112 2598 222 2633 fonda
247 2610 290 2632 an
317 2597 497 2643 faubonrg
525 2596 569 2631 de
593 2597 673 2630 Hui*
698 2608 747 2629 un
772 2596 977 2629 monastere
999 2594 1044 2629 de
1070 2595 1266 2630 chanoines
1289 2596 1465 2642 regulicrs

54 2656 99 2692 de
119 2657 254 2692 l'ordre
275 2657 319 2691 de
345 2656 672 2703 Saint-Augustin‚
698 2655 789 2688 dont
813 2654 938 2688 Pierre
963 2653 1088 2689 devint
1112 2654 1145 2689 le
1173 2656 1374 2701 superieur.
1404 2656 1463 2691 On

55 2717 147 2752 croit
173 2729 244 2764 que
266 2716 435 2751 Lambert
455 2716 510 2750 sut
532 2715 564 2749 le
591 2714 724 2749 second
749 2714 838 2748 inari
862 2713 906 2747 dc
929 2713 1135 2756 Germ-ude,
1162 2714 1231 2748 [illc
1252 2714 1296 2748 dc
1317 2715 1463 2750 Thierri

56 2775 236 2817 (l'Alsace,
260 2783 378 2811 comte
399 2775 443 2809 dc
466 2774 638 2815 Flandrc,
661 2781 696 2807 ct
717 2774 804 2820 qu'il
829 2780 977 2808 mourut
996 2785 1039 2808 en
1067 2776 1165 2821 ¹¹47·

155 2852 227 2881 ιιι.
1212 2833 1270 2878 35
