<?xml version="1.0" encoding="UTF-8"?>
<!DOCTYPE html PUBLIC "-//W3C//DTD XHTML 1.0 Transitional//EN"
    "http://www.w3.org/TR/xhtml1/DTD/xhtml1-transitional.dtd">
<html xmlns="http://www.w3.org/1999/xhtml" xml:lang="en" lang="en">
 <head>
  <title>
</title>
<meta http-equiv="Content-Type" content="text/html;charset=utf-8" />
  <meta name='ocr-system' content='tesseract 3.04.00' />
  <meta name='ocr-capabilities' content='ocr_page ocr_carea ocr_par ocr_line ocrx_word'/>
</head>
<body>
  <div class='ocr_page' id='page_1' title='image "./ordericivitalish03ordeuoft/ordericivitalish03ordeuoft_0536.png"; bbox 0 0 2085 3455; ppageno 0'>
   <div class='ocr_carea' id='block_1_1' title="bbox 607 290 1648 329">
    <p class='ocr_par' dir='ltr' id='par_1_1' title="bbox 607 290 1648 329">
     <span class='ocr_line' id='line_1_1' title="bbox 607 290 1648 329; baseline -0.001 -1"><span class='ocrx_word' id='word_1_1' title='bbox 607 290 684 328; x_wconf 65' lang='lat'><strong>430</strong></span> <span class='ocrx_word' id='word_1_2' title='bbox 972 290 1213 329; x_wconf 73' lang='lat' dir='ltr'><strong>HISTORIA</strong></span> <span class='ocrx_word' id='word_1_3' title='bbox 1246 290 1648 329; x_wconf 78' lang='lat' dir='ltr'><strong>ECCLESIASTICA.</strong></span> 
     </span>
    </p>
   </div>
   <div class='ocr_carea' id='block_1_2' title="bbox 606 376 2017 675">
    <p class='ocr_par' dir='ltr' id='par_1_2' title="bbox 606 376 2017 675">
     <span class='ocr_line' id='line_1_2' title="bbox 607 376 2014 442; baseline 0.004 -20"><span class='ocrx_word' id='word_1_4' title='bbox 607 378 775 434; x_wconf 84' lang='lat' dir='ltr'><strong>maris,</strong></span> <span class='ocrx_word' id='word_1_5' title='bbox 807 376 929 424; x_wconf 85' lang='lat' dir='ltr'><strong>unde</strong></span> <span class='ocrx_word' id='word_1_6' title='bbox 955 377 1198 425; x_wconf 79' lang='lat' dir='ltr'>coenobita</span> <span class='ocrx_word' id='word_1_7' title='bbox 1224 388 1348 434; x_wconf 83' lang='lat' dir='ltr'><strong>erat,</strong></span> <span class='ocrx_word' id='word_1_8' title='bbox 1378 387 1648 440; x_wconf 81' lang='lat' dir='ltr'><strong>repetente,</strong></span> <span class='ocrx_word' id='word_1_9' title='bbox 1675 394 1755 425; x_wconf 88' lang='lat' dir='ltr'><strong>seu</strong></span> <span class='ocrx_word' id='word_1_10' title='bbox 1783 379 1938 442; x_wconf 84' lang='lat' dir='ltr'><strong>potius</strong></span> <span class='ocrx_word' id='word_1_11' title='bbox 1966 381 2014 429; x_wconf 90' lang='lat' dir='ltr'><strong>in</strong></span> 
     </span>
     <span class='ocr_line' id='line_1_3' title="bbox 606 454 2015 519; baseline 0.003 -19"><span class='ocrx_word' id='word_1_12' title='bbox 606 456 759 501; x_wconf 84' lang='lat' dir='ltr'><strong>Latias</strong></span> <span class='ocrx_word' id='word_1_13' title='bbox 787 467 967 519; x_wconf 84' lang='lat' dir='ltr'><strong>partes,</strong></span> <span class='ocrx_word' id='word_1_14' title='bbox 995 466 1048 501; x_wconf 86' lang='lat' dir='ltr'><strong>ut</strong></span> <span class='ocrx_word' id='word_1_15' title='bbox 1076 473 1215 518; x_wconf 78' lang='lat' dir='ltr'><strong>supra</strong></span> <span class='ocrx_word' id='word_1_16' title='bbox 1250 454 1417 510; x_wconf 87' lang='lat' dir='ltr'><strong>retuli,</strong></span> <span class='ocrx_word' id='word_1_17' title='bbox 1452 454 1714 518; x_wconf 78' lang='lat' dir='ltr'><strong>migrante,</strong></span> <span class='ocrx_word' id='word_1_18' title='bbox 1746 472 1870 502; x_wconf 88' lang='lat' dir='ltr'><strong>nova</strong></span> <span class='ocrx_word' id='word_1_19' title='bbox 1900 473 2015 504; x_wconf 89' lang='lat' dir='ltr'><strong>con-</strong></span> 
     </span>
     <span class='ocr_line' id='line_1_4' title="bbox 607 530 2015 597; baseline 0.003 -20"><span class='ocrx_word' id='word_1_20' title='bbox 607 533 805 580; x_wconf 77' lang='lat' dir='ltr'>structio</span> <span class='ocrx_word' id='word_1_21' title='bbox 825 544 872 580; x_wconf 90' lang='lat' dir='ltr'><strong>et</strong></span> <span class='ocrx_word' id='word_1_22' title='bbox 891 534 1163 597; x_wconf 73' lang='lat' dir='ltr'><strong>imperfecta</strong></span> <span class='ocrx_word' id='word_1_23' title='bbox 1184 532 1402 579; x_wconf 87' lang='lat' dir='ltr'><strong>celeriter</strong></span> <span class='ocrx_word' id='word_1_24' title='bbox 1425 530 1645 594; x_wconf 87' lang='lat' dir='ltr'><strong>dissipata</strong></span> <span class='ocrx_word' id='word_1_25' title='bbox 1667 543 1735 578; x_wconf 88' lang='lat' dir='ltr'><strong>est</strong></span> <span class='ocrx_word' id='word_1_26' title='bbox 1748 551 1761 590; x_wconf 91' lang='lat'>;</span> <span class='ocrx_word' id='word_1_27' title='bbox 1784 543 1831 579; x_wconf 92' lang='lat' dir='ltr'><strong>et</strong></span> <span class='ocrx_word' id='word_1_28' title='bbox 1854 535 2015 582; x_wconf 88' lang='lat' dir='ltr'><strong>concio</strong></span> 
     </span>
     <span class='ocr_line' id='line_1_5' title="bbox 606 608 2017 675; baseline 0.001 -19"><span class='ocrx_word' id='word_1_29' title='bbox 606 609 840 667; x_wconf 86' lang='lat' dir='ltr'><strong>fidelium,</strong></span> <span class='ocrx_word' id='word_1_30' title='bbox 868 627 973 675; x_wconf 79' lang='lat' dir='ltr'><strong>quae</strong></span> <span class='ocrx_word' id='word_1_31' title='bbox 1000 611 1111 657; x_wconf 85' lang='lat' dir='ltr'><strong>illuc</strong></span> <span class='ocrx_word' id='word_1_32' title='bbox 1138 609 1432 657; x_wconf 71' lang='lat' dir='ltr'><strong>confluxerat</strong></span> <span class='ocrx_word' id='word_1_33' title='bbox 1456 608 1513 655; x_wconf 92' lang='lat' dir='ltr'><strong>de</strong></span> <span class='ocrx_word' id='word_1_34' title='bbox 1537 608 1734 656; x_wconf 89' lang='lat' dir='ltr'><strong>diversis</strong></span> <span class='ocrx_word' id='word_1_35' title='bbox 1759 610 1896 667; x_wconf 88' lang='lat' dir='ltr'><strong>locis,</strong></span> <span class='ocrx_word' id='word_1_36' title='bbox 1922 627 2017 659; x_wconf 88' lang='lat' dir='ltr'><strong>rec-</strong></span> 
     </span>
    </p>
   </div>
   <div class='ocr_carea' id='block_1_3' title="bbox 607 686 2062 752">
    <p class='ocr_par' dir='ltr' id='par_1_3' title="bbox 607 686 2062 752">
     <span class='ocr_line' id='line_1_6' title="bbox 607 686 2062 752; baseline -0.001 -19"><span class='ocrx_word' id='word_1_37' title='bbox 607 698 712 735; x_wconf 84' lang='lat' dir='ltr'><strong>tore</strong></span> <span class='ocrx_word' id='word_1_38' title='bbox 731 705 911 746; x_wconf 83' lang='lat' dir='ltr'><strong>carens,</strong></span> <span class='ocrx_word' id='word_1_39' title='bbox 931 689 1026 735; x_wconf 90' lang='lat' dir='ltr'><strong>cito</strong></span> <span class='ocrx_word' id='word_1_40' title='bbox 1048 687 1253 752; x_wconf 85' lang='lat' dir='ltr'><strong>dispersa</strong></span> <span class='ocrx_word' id='word_1_41' title='bbox 1270 698 1338 733; x_wconf 86' lang='lat' dir='ltr'><strong>est</strong></span> <span class='ocrx_word' id='word_1_42' title='bbox 1358 686 1693 750; x_wconf 72' lang='lat' dir='ltr'><strong>(1).Ricardus</strong></span> <span class='ocrx_word' id='word_1_43' title='bbox 1713 687 1885 752; x_wconf 83' lang='lat' dir='ltr'><strong>itaque,</strong></span> <span class='ocrx_word' id='word_1_44' title='bbox 1902 705 2017 735; x_wconf 85' lang='lat' dir='ltr'><strong>unus</strong></span> <span class='ocrx_word' id='word_1_45' title='bbox 2058 708 2062 732; x_wconf 79' lang='grc' dir='ltr'><strong>ι.</strong></span> 
     </span>
    </p>
   </div>
   <div class='ocr_carea' id='block_1_4' title="bbox 604 764 2022 1909">
    <p class='ocr_par' dir='ltr' id='par_1_4' title="bbox 606 764 2017 1042">
     <span class='ocr_line' id='line_1_7' title="bbox 606 764 2017 822; baseline 0.001 -11"><span class='ocrx_word' id='word_1_46' title='bbox 606 782 663 811; x_wconf 85' lang='lat' dir='ltr'><strong>ex</strong></span> <span class='ocrx_word' id='word_1_47' title='bbox 687 765 797 822; x_wconf 89' lang='lat' dir='ltr'><strong>illis,</strong></span> <span class='ocrx_word' id='word_1_48' title='bbox 824 765 996 812; x_wconf 85' lang='lat' dir='ltr'><strong>divinis</strong></span> <span class='ocrx_word' id='word_1_49' title='bbox 1019 766 1189 812; x_wconf 88' lang='lat' dir='ltr'><strong>litteris</strong></span> <span class='ocrx_word' id='word_1_50' title='bbox 1214 764 1553 812; x_wconf 82' lang='lat' dir='ltr'><strong>eruditissimus</strong></span> <span class='ocrx_word' id='word_1_51' title='bbox 1582 765 1696 822; x_wconf 78' lang='lat' dir='ltr'><strong>suit,</strong></span> <span class='ocrx_word' id='word_1_52' title='bbox 1735 775 1782 811; x_wconf 89' lang='lat' dir='ltr'><strong>et</strong></span> <span class='ocrx_word' id='word_1_53' title='bbox 1815 766 1864 812; x_wconf 93' lang='lat' dir='ltr'><strong>in</strong></span> <span class='ocrx_word' id='word_1_54' title='bbox 1895 776 2017 814; x_wconf 80' lang='lat' dir='ltr'><strong>tanta</strong></span> 
     </span>
     <span class='ocr_line' id='line_1_8' title="bbox 606 841 2014 907; baseline 0.001 -19"><span class='ocrx_word' id='word_1_55' title='bbox 606 842 925 889; x_wconf 84' lang='lat' dir='ltr'><strong>devastatione</strong></span> <span class='ocrx_word' id='word_1_56' title='bbox 941 843 1093 888; x_wconf 86' lang='lat' dir='ltr'><strong>teneri</strong></span> <span class='ocrx_word' id='word_1_57' title='bbox 1113 843 1267 906; x_wconf 81' lang='lat' dir='ltr'><strong>gregis</strong></span> <span class='ocrx_word' id='word_1_58' title='bbox 1282 843 1529 906; x_wconf 77' lang='lat' dir='ltr'><strong>religiosos</strong></span> <span class='ocrx_word' id='word_1_59' title='bbox 1545 841 1772 905; x_wconf 80' lang='lat' dir='ltr'><strong>sophistas</strong></span> <span class='ocrx_word' id='word_1_60' title='bbox 1785 844 2014 907; x_wconf 79' lang='lat' dir='ltr'><strong>quaesivit,</strong></span> 
     </span>
     <span class='ocr_line' id='line_1_9' title="bbox 609 917 2014 983; baseline 0.001 -18"><span class='ocrx_word' id='word_1_61' title='bbox 609 920 657 965; x_wconf 88' lang='lat' dir='ltr'><strong>in</strong></span> <span class='ocrx_word' id='word_1_62' title='bbox 682 937 888 983; x_wconf 86' lang='lat' dir='ltr'><strong>quorum</strong></span> <span class='ocrx_word' id='word_1_63' title='bbox 910 918 1247 978; x_wconf 87' lang='lat' dir='ltr'><strong>contubernio,</strong></span> <span class='ocrx_word' id='word_1_64' title='bbox 1274 917 1575 983; x_wconf 75' lang='lat' dir='ltr'><strong>dogmatibus</strong></span> <span class='ocrx_word' id='word_1_65' title='bbox 1597 918 1730 964; x_wconf 86' lang='lat' dir='ltr'><strong>almis</strong></span> <span class='ocrx_word' id='word_1_66' title='bbox 1765 919 2014 978; x_wconf 72' lang='lat' dir='ltr'><strong>inhaerens,</strong></span> 
     </span>
     <span class='ocr_line' id='line_1_10' title="bbox 606 995 1151 1042; baseline -0.002 0"><span class='ocrx_word' id='word_1_67' title='bbox 606 1006 882 1042; x_wconf 69' lang='lat' dir='ltr'><strong>reverenter</strong></span> <span class='ocrx_word' id='word_1_68' title='bbox 908 995 1151 1042; x_wconf 84' lang='lat' dir='ltr'><strong>habitavit.</strong></span> 
     </span>
    </p>

    <p class='ocr_par' dir='ltr' id='par_1_5' title="bbox 604 1072 2022 1909">
     <span class='ocr_line' id='line_1_11' title="bbox 670 1072 2018 1138; baseline 0.001 -18"><span class='ocrx_word' id='word_1_69' title='bbox 670 1075 737 1120; x_wconf 85' lang='lat' dir='ltr'><strong>Ea</strong></span> <span class='ocrx_word' id='word_1_70' title='bbox 761 1091 932 1138; x_wconf 83' lang='lat' dir='ltr'><strong>nempe</strong></span> <span class='ocrx_word' id='word_1_71' title='bbox 955 1084 1230 1137; x_wconf 79' lang='lat' dir='ltr'><strong>tempestate</strong></span> <span class='ocrx_word' id='word_1_72' title='bbox 1258 1074 1305 1119; x_wconf 88' lang='lat' dir='ltr'><strong>in</strong></span> <span class='ocrx_word' id='word_1_73' title='bbox 1331 1073 1627 1120; x_wconf 79' lang='lat' dir='ltr'><strong>Normannia</strong></span> <span class='ocrx_word' id='word_1_74' title='bbox 1651 1072 1890 1120; x_wconf 84' lang='lat' dir='ltr'><strong>florebant</strong></span> <span class='ocrx_word' id='word_1_75' title='bbox 1914 1073 2018 1121; x_wconf 89' lang='lat' dir='ltr'><strong>An-</strong></span> 
     </span>
     <span class='ocr_line' id='line_1_12' title="bbox 606 1149 2018 1208; baseline -0.001 -11"><span class='ocrx_word' id='word_1_76' title='bbox 606 1151 777 1198; x_wconf 88' lang='lat' dir='ltr'><strong>selmus</strong></span> <span class='ocrx_word' id='word_1_77' title='bbox 806 1151 1073 1208; x_wconf 90' lang='lat' dir='ltr'><strong>Beccensis,</strong></span> <span class='ocrx_word' id='word_1_78' title='bbox 1102 1149 1362 1196; x_wconf 83' lang='lat' dir='ltr'><strong>Gerbertus</strong></span> <span class='ocrx_word' id='word_1_79' title='bbox 1391 1149 1788 1204; x_wconf 82' lang='lat' dir='ltr'><strong>FontanellensiS,</strong></span> <span class='ocrx_word' id='word_1_80' title='bbox 1815 1150 2018 1197; x_wconf 87' lang='lat' dir='ltr'><strong>Gontar-</strong></span> 
     </span>
     <span class='ocr_line' id='line_1_13' title="bbox 604 1226 2018 1291; baseline -0.001 -17"><span class='ocrx_word' id='word_1_81' title='bbox 604 1228 689 1275; x_wconf 84' lang='lat' dir='ltr'><strong>dus</strong></span> <span class='ocrx_word' id='word_1_82' title='bbox 713 1228 1099 1274; x_wconf 87' lang='lat' dir='ltr'><strong>Gemmeticensis</strong></span> <span class='ocrx_word' id='word_1_83' title='bbox 1123 1227 1194 1291; x_wconf 79' lang='lat'><strong>(2)</strong></span> <span class='ocrx_word' id='word_1_84' title='bbox 1210 1264 1221 1283; x_wconf 93' lang='lat'><strong>,</strong></span> <span class='ocrx_word' id='word_1_85' title='bbox 1247 1227 1420 1290; x_wconf 81' lang='lat' dir='ltr'><strong>aliique</strong></span> <span class='ocrx_word' id='word_1_86' title='bbox 1442 1227 1626 1290; x_wconf 87' lang='lat' dir='ltr'><strong>plures,</strong></span> <span class='ocrx_word' id='word_1_87' title='bbox 1657 1227 1704 1272; x_wconf 85' lang='lat' dir='ltr'><strong>in</strong></span> <span class='ocrx_word' id='word_1_88' title='bbox 1730 1227 1908 1290; x_wconf 89' lang='lat' dir='ltr'><strong>templo</strong></span> <span class='ocrx_word' id='word_1_89' title='bbox 1937 1226 2018 1273; x_wconf 83' lang='lat' dir='ltr'><strong>Dei</strong></span> 
     </span>
     <span class='ocr_line' id='line_1_14' title="bbox 606 1303 2019 1368; baseline -0.001 -17"><span class='ocrx_word' id='word_1_90' title='bbox 606 1305 815 1351; x_wconf 85' lang='lat' dir='ltr'><strong>lucentes</strong></span> <span class='ocrx_word' id='word_1_91' title='bbox 830 1305 1037 1351; x_wconf 84' lang='lat' dir='ltr'><strong>lucernae</strong></span> <span class='ocrx_word' id='word_1_92' title='bbox 1052 1341 1061 1359; x_wconf 90' lang='lat'><strong>,</strong></span> <span class='ocrx_word' id='word_1_93' title='bbox 1083 1321 1108 1349; x_wconf 87' lang='lat' dir='ltr'><strong>a</strong></span> <span class='ocrx_word' id='word_1_94' title='bbox 1132 1303 1303 1368; x_wconf 84' lang='lat' dir='ltr'><strong>quibus</strong></span> <span class='ocrx_word' id='word_1_95' title='bbox 1323 1303 1572 1367; x_wconf 72' lang='lat' dir='ltr'><strong>insigniter</strong></span> <span class='ocrx_word' id='word_1_96' title='bbox 1599 1303 1882 1360; x_wconf 83' lang='lat' dir='ltr'><strong>illustratus,</strong></span> <span class='ocrx_word' id='word_1_97' title='bbox 1905 1303 2019 1349; x_wconf 87' lang='lat' dir='ltr'><strong>salu-</strong></span> 
     </span>
     <span class='ocr_line' id='line_1_15' title="bbox 605 1379 2020 1428; baseline -0.001 0"><span class='ocrx_word' id='word_1_98' title='bbox 605 1382 704 1428; x_wconf 87' lang='lat' dir='ltr'><strong>bris</strong></span> <span class='ocrx_word' id='word_1_99' title='bbox 737 1381 981 1428; x_wconf 77' lang='lat' dir='ltr'><strong>hauriebat</strong></span> <span class='ocrx_word' id='word_1_100' title='bbox 1019 1381 1287 1428; x_wconf 86' lang='lat' dir='ltr'><strong>ubertatem</strong></span> <span class='ocrx_word' id='word_1_101' title='bbox 1316 1379 1567 1427; x_wconf 67' lang='lat' dir='ltr'><strong>doctrinae.</strong></span> <span class='ocrx_word' id='word_1_102' title='bbox 1598 1380 1832 1426; x_wconf 78' lang='lat' dir='ltr'><strong>Defuncto</strong></span> <span class='ocrx_word' id='word_1_103' title='bbox 1867 1390 2020 1427; x_wconf 87' lang='lat' dir='ltr'><strong>autem</strong></span> 
     </span>
     <span class='ocr_line' id='line_1_16' title="bbox 605 1457 2020 1522; baseline -0.002 -16"><span class='ocrx_word' id='word_1_104' title='bbox 605 1459 852 1507; x_wconf 83' lang='lat' dir='ltr'><strong>Goissredo</strong></span> <span class='ocrx_word' id='word_1_105' title='bbox 867 1458 1036 1505; x_wconf 81' lang='lat' dir='ltr'><strong>abbate</strong></span> <span class='ocrx_word' id='word_1_106' title='bbox 1055 1460 1127 1522; x_wconf 70' lang='grc' dir='ltr'><strong>(ὅ)</strong></span> <span class='ocrx_word' id='word_1_107' title='bbox 1140 1495 1150 1514; x_wconf 86' lang='grc'>,</span> <span class='ocrx_word' id='word_1_108' title='bbox 1167 1457 1394 1505; x_wconf 85' lang='lat' dir='ltr'><strong>Ricardus</strong></span> <span class='ocrx_word' id='word_1_109' title='bbox 1415 1457 1472 1503; x_wconf 87' lang='lat' dir='ltr'><strong>ad</strong></span> <span class='ocrx_word' id='word_1_110' title='bbox 1495 1458 1707 1522; x_wconf 75' lang='lat' dir='ltr'><strong>regimen</strong></span> <span class='ocrx_word' id='word_1_111' title='bbox 1727 1457 2020 1504; x_wconf 88' lang='lat' dir='ltr'><strong>Pratellensis</strong></span> 
     </span>
     <span class='ocr_line' id='line_1_17' title="bbox 604 1534 2020 1600; baseline -0.001 -17"><span class='ocrx_word' id='word_1_112' title='bbox 604 1537 805 1583; x_wconf 79' lang='lat' dir='ltr'><strong>abbatiae</strong></span> <span class='ocrx_word' id='word_1_113' title='bbox 832 1537 1005 1583; x_wconf 86' lang='lat' dir='ltr'><strong>electus</strong></span> <span class='ocrx_word' id='word_1_114' title='bbox 1044 1547 1138 1594; x_wconf 87' lang='lat' dir='ltr'><strong>est;</strong></span> <span class='ocrx_word' id='word_1_115' title='bbox 1165 1535 1293 1600; x_wconf 86' lang='lat' dir='ltr'><strong>quod</strong></span> <span class='ocrx_word' id='word_1_116' title='bbox 1327 1534 1558 1582; x_wconf 86' lang='lat' dir='ltr'><strong>Rodberti</strong></span> <span class='ocrx_word' id='word_1_117' title='bbox 1585 1534 1715 1581; x_wconf 91' lang='lat' dir='ltr'><strong>ducis</strong></span> <span class='ocrx_word' id='word_1_118' title='bbox 1748 1545 1795 1581; x_wconf 85' lang='lat' dir='ltr'><strong>et</strong></span> <span class='ocrx_word' id='word_1_119' title='bbox 1830 1535 2020 1582; x_wconf 88' lang='lat' dir='ltr'><strong>Henrici</strong></span> 
     </span>
     <span class='ocr_line' id='line_1_18' title="bbox 605 1613 2021 1679; baseline 0 -19"><span class='ocrx_word' id='word_1_120' title='bbox 605 1616 727 1679; x_wconf 78' lang='lat' dir='ltr'><strong>regis</strong></span> <span class='ocrx_word' id='word_1_121' title='bbox 752 1626 967 1678; x_wconf 86' lang='lat' dir='ltr'><strong>tempore</strong></span> <span class='ocrx_word' id='word_1_122' title='bbox 991 1616 1087 1660; x_wconf 81' lang='lat' dir='ltr'><strong>sere</strong></span> <span class='ocrx_word' id='word_1_123' title='bbox 1110 1630 1226 1659; x_wconf 77' lang='lat' dir='ltr'><strong>xxiv</strong></span> <span class='ocrx_word' id='word_1_124' title='bbox 1243 1614 1377 1659; x_wconf 83' lang='lat' dir='ltr'><strong>annis</strong></span> <span class='ocrx_word' id='word_1_125' title='bbox 1399 1614 1573 1669; x_wconf 79' lang='lat' dir='ltr'><strong>tenuit,</strong></span> <span class='ocrx_word' id='word_1_126' title='bbox 1600 1613 1761 1677; x_wconf 81' lang='lat' dir='ltr'><strong>ibique</strong></span> <span class='ocrx_word' id='word_1_127' title='bbox 1779 1613 2021 1660; x_wconf 82' lang='lat' dir='ltr'><strong>defunctus</strong></span> 
     </span>
     <span class='ocr_line' id='line_1_19' title="bbox 605 1690 2021 1754; baseline -0.001 -15"><span class='ocrx_word' id='word_1_128' title='bbox 605 1704 690 1739; x_wconf 86' lang='lat' dir='ltr'><strong>est.</strong></span> <span class='ocrx_word' id='word_1_129' title='bbox 718 1692 804 1738; x_wconf 92' lang='lat' dir='ltr'><strong>Hic</strong></span> <span class='ocrx_word' id='word_1_130' title='bbox 835 1692 881 1738; x_wconf 89' lang='lat' dir='ltr'><strong>in</strong></span> <span class='ocrx_word' id='word_1_131' title='bbox 916 1692 1087 1738; x_wconf 88' lang='lat' dir='ltr'><strong>divinis</strong></span> <span class='ocrx_word' id='word_1_132' title='bbox 1119 1690 1360 1737; x_wconf 79' lang='lat' dir='ltr'><strong>codicibus</strong></span> <span class='ocrx_word' id='word_1_133' title='bbox 1389 1691 1605 1754; x_wconf 84' lang='lat' dir='ltr'><strong>apprime</strong></span> <span class='ocrx_word' id='word_1_134' title='bbox 1634 1690 1838 1747; x_wconf 83' lang='lat' dir='ltr'><strong>studuit,</strong></span> <span class='ocrx_word' id='word_1_135' title='bbox 1873 1691 1921 1736; x_wconf 91' lang='lat' dir='ltr'><strong>in</strong></span> <span class='ocrx_word' id='word_1_136' title='bbox 1949 1691 2021 1737; x_wconf 86' lang='lat' dir='ltr'><strong>via</strong></span> 
     </span>
     <span class='ocr_line' id='line_1_20' title="bbox 605 1768 2022 1833; baseline 0 -18"><span class='ocrx_word' id='word_1_137' title='bbox 605 1771 709 1826; x_wconf 92' lang='lat' dir='ltr'><strong>Dei,</strong></span> <span class='ocrx_word' id='word_1_138' title='bbox 727 1786 812 1832; x_wconf 90' lang='lat' dir='ltr'><strong>per</strong></span> <span class='ocrx_word' id='word_1_139' title='bbox 835 1770 1143 1833; x_wconf 81' lang='lat' dir='ltr'><strong>antiquorum</strong></span> <span class='ocrx_word' id='word_1_140' title='bbox 1162 1770 1354 1832; x_wconf 68' lang='lat' dir='ltr'><strong>vestigia</strong></span> <span class='ocrx_word' id='word_1_141' title='bbox 1378 1779 1567 1831; x_wconf 86' lang='lat' dir='ltr'><strong>patrum</strong></span> <span class='ocrx_word' id='word_1_142' title='bbox 1588 1768 1808 1831; x_wconf 85' lang='lat' dir='ltr'><strong>psallens,</strong></span> <span class='ocrx_word' id='word_1_143' title='bbox 1827 1768 1886 1814; x_wconf 85' lang='lat' dir='ltr'><strong>ab</strong></span> <span class='ocrx_word' id='word_1_144' title='bbox 1906 1768 2022 1816; x_wconf 85' lang='lat' dir='ltr'><strong>ado-</strong></span> 
     </span>
     <span class='ocr_line' id='line_1_21' title="bbox 606 1845 2022 1909; baseline -0.001 -16"><span class='ocrx_word' id='word_1_145' title='bbox 606 1847 826 1893; x_wconf 87' lang='lat' dir='ltr'><strong>lescentia</strong></span> <span class='ocrx_word' id='word_1_146' title='bbox 858 1846 1098 1902; x_wconf 79' lang='lat' dir='ltr'><strong>cucurrit,</strong></span> <span class='ocrx_word' id='word_1_147' title='bbox 1132 1845 1450 1909; x_wconf 81' lang='lat' dir='ltr'><strong>famelicisque</strong></span> <span class='ocrx_word' id='word_1_148' title='bbox 1482 1846 1639 1908; x_wconf 87' lang='lat' dir='ltr'><strong>pueris</strong></span> <span class='ocrx_word' id='word_1_149' title='bbox 1673 1846 2022 1909; x_wconf 76' lang='lat' dir='ltr'><strong>aenigmaticum</strong></span> 
     </span>
    </p>
   </div>
   <div class='ocr_carea' id='block_1_5' title="bbox 606 1923 2067 1988">
    <p class='ocr_par' dir='ltr' id='par_1_6' title="bbox 606 1923 2067 1988">
     <span class='ocr_line' id='line_1_22' title="bbox 606 1923 2067 1988; baseline -0.003 -18"><span class='ocrx_word' id='word_1_150' title='bbox 606 1941 777 1988; x_wconf 89' lang='lat' dir='ltr'><strong>panem</strong></span> <span class='ocrx_word' id='word_1_151' title='bbox 798 1925 847 1970; x_wconf 89' lang='lat' dir='ltr'><strong>in</strong></span> <span class='ocrx_word' id='word_1_152' title='bbox 866 1923 1009 1970; x_wconf 86' lang='lat' dir='ltr'><strong>domo</strong></span> <span class='ocrx_word' id='word_1_153' title='bbox 1031 1924 1227 1970; x_wconf 85' lang='lat' dir='ltr'><strong>Domini</strong></span> <span class='ocrx_word' id='word_1_154' title='bbox 1248 1923 1522 1987; x_wconf 75' lang='lat' dir='ltr'><strong>benigniter</strong></span> <span class='ocrx_word' id='word_1_155' title='bbox 1543 1924 1709 1987; x_wconf 75' lang='lat' dir='ltr'><strong>fregit,</strong></span> <span class='ocrx_word' id='word_1_156' title='bbox 1735 1938 2021 1988; x_wconf 84' lang='lat' dir='ltr'><strong>manumque</strong></span> <span class='ocrx_word' id='word_1_157' title='bbox 2064 1932 2067 1966; x_wconf 70' lang='lat'>1</span> 
     </span>
    </p>
   </div>
   <div class='ocr_carea' id='block_1_6' title="bbox 605 2000 2021 2454">
    <p class='ocr_par' dir='ltr' id='par_1_7' title="bbox 605 2000 2021 2454">
     <span class='ocr_line' id='line_1_23' title="bbox 606 2000 2021 2065; baseline 0 -18"><span class='ocrx_word' id='word_1_158' title='bbox 606 2001 907 2048; x_wconf 85' lang='lat' dir='ltr'><strong>tendentibus</strong></span> <span class='ocrx_word' id='word_1_159' title='bbox 932 2002 1151 2048; x_wconf 83' lang='lat' dir='ltr'><strong>alacriter</strong></span> <span class='ocrx_word' id='word_1_160' title='bbox 1177 2013 1223 2047; x_wconf 89' lang='lat' dir='ltr'><strong>et</strong></span> <span class='ocrx_word' id='word_1_161' title='bbox 1247 2000 1458 2048; x_wconf 89' lang='lat' dir='ltr'><strong>ubertim</strong></span> <span class='ocrx_word' id='word_1_162' title='bbox 1482 2000 1751 2059; x_wconf 81' lang='lat' dir='ltr'><strong>distribuit,</strong></span> <span class='ocrx_word' id='word_1_163' title='bbox 1783 2001 2021 2065; x_wconf 88' lang='lat' dir='ltr'><strong>torpenti-</strong></span> 
     </span>
     <span class='ocr_line' id='line_1_24' title="bbox 605 2077 2016 2143; baseline -0.001 -19"><span class='ocrx_word' id='word_1_164' title='bbox 605 2078 692 2124; x_wconf 90' lang='lat' dir='ltr'><strong>bus</strong></span> <span class='ocrx_word' id='word_1_165' title='bbox 715 2094 904 2143; x_wconf 81' lang='lat' dir='ltr'><strong>quoque</strong></span> <span class='ocrx_word' id='word_1_166' title='bbox 925 2089 972 2123; x_wconf 80' lang='lat' dir='ltr'><strong>et</strong></span> <span class='ocrx_word' id='word_1_167' title='bbox 994 2077 1320 2125; x_wconf 85' lang='lat' dir='ltr'><strong>recusantibus</strong></span> <span class='ocrx_word' id='word_1_168' title='bbox 1344 2089 1395 2124; x_wconf 92' lang='lat' dir='ltr'><strong>ut</strong></span> <span class='ocrx_word' id='word_1_169' title='bbox 1417 2077 1700 2125; x_wconf 83' lang='lat' dir='ltr'><strong>manderent</strong></span> <span class='ocrx_word' id='word_1_170' title='bbox 1721 2079 1819 2125; x_wconf 85' lang='lat' dir='ltr'><strong>vim</strong></span> <span class='ocrx_word' id='word_1_171' title='bbox 1842 2078 2016 2125; x_wconf 80' lang='lat' dir='ltr'><strong>intulit.</strong></span> 
     </span>
     <span class='ocr_line' id='line_1_25' title="bbox 605 2155 2019 2220; baseline 0.001 -19"><span class='ocrx_word' id='word_1_172' title='bbox 605 2155 1015 2203; x_wconf 87' lang='lat' dir='ltr'><strong>Commentarium</strong></span> <span class='ocrx_word' id='word_1_173' title='bbox 1038 2173 1179 2220; x_wconf 89' lang='lat' dir='ltr'><strong>super</strong></span> <span class='ocrx_word' id='word_1_174' title='bbox 1194 2155 1413 2202; x_wconf 90' lang='lat' dir='ltr'><strong>Genesim</strong></span> <span class='ocrx_word' id='word_1_175' title='bbox 1439 2155 1689 2211; x_wconf 81' lang='lat' dir='ltr'><strong>Mauricio,</strong></span> <span class='ocrx_word' id='word_1_176' title='bbox 1716 2156 1873 2202; x_wconf 83' lang='lat' dir='ltr'><strong>Sancti</strong></span> <span class='ocrx_word' id='word_1_177' title='bbox 1897 2157 2019 2203; x_wconf 85' lang='lat' dir='ltr'><strong>Lau-</strong></span> 
     </span>
     <span class='ocr_line' id='line_1_26' title="bbox 606 2231 2019 2291; baseline -0.001 -12"><span class='ocrx_word' id='word_1_178' title='bbox 606 2233 792 2280; x_wconf 84' lang='lat' dir='ltr'><strong>nomari</strong></span> <span class='ocrx_word' id='word_1_179' title='bbox 812 2233 1101 2280; x_wconf 78' lang='lat' dir='ltr'><strong>Blesensium</strong></span> <span class='ocrx_word' id='word_1_180' title='bbox 1121 2233 1439 2281; x_wconf 86' lang='lat' dir='ltr'><strong>eruditissimo</strong></span> <span class='ocrx_word' id='word_1_181' title='bbox 1455 2232 1634 2291; x_wconf 76' lang='lat' dir='ltr'><strong>abbati,</strong></span> <span class='ocrx_word' id='word_1_182' title='bbox 1649 2232 1818 2291; x_wconf 87' lang='lat' dir='ltr'><strong>edidit,</strong></span> <span class='ocrx_word' id='word_1_183' title='bbox 1836 2243 1883 2280; x_wconf 90' lang='lat' dir='ltr'><strong>et</strong></span> <span class='ocrx_word' id='word_1_184' title='bbox 1897 2231 2019 2279; x_wconf 88' lang='lat' dir='ltr'><strong>aliud</strong></span> 
     </span>
     <span class='ocr_line' id='line_1_27' title="bbox 605 2309 2015 2375; baseline -0.001 -18"><span class='ocrx_word' id='word_1_185' title='bbox 605 2310 784 2357; x_wconf 90' lang='lat' dir='ltr'><strong>domno</strong></span> <span class='ocrx_word' id='word_1_186' title='bbox 798 2309 1065 2370; x_wconf 89' lang='lat' dir='ltr'><strong>Adelelmo,</strong></span> <span class='ocrx_word' id='word_1_187' title='bbox 1081 2311 1399 2359; x_wconf 87' lang='lat' dir='ltr'><strong>eruditissimo</strong></span> <span class='ocrx_word' id='word_1_188' title='bbox 1410 2310 1707 2375; x_wconf 85' lang='lat' dir='ltr'><strong>presbytero,</strong></span> <span class='ocrx_word' id='word_1_189' title='bbox 1724 2311 2015 2374; x_wconf 88' lang='lat' dir='ltr'><strong>conscripsit,</strong></span> 
     </span>
     <span class='ocr_line' id='line_1_28' title="bbox 606 2388 2018 2454; baseline 0 -21"><span class='ocrx_word' id='word_1_190' title='bbox 606 2388 892 2435; x_wconf 86' lang='lat' dir='ltr'><strong>Flaviacensi</strong></span> <span class='ocrx_word' id='word_1_191' title='bbox 914 2388 1105 2453; x_wconf 84' lang='lat' dir='ltr'><strong>quidem</strong></span> <span class='ocrx_word' id='word_1_192' title='bbox 1124 2389 1384 2446; x_wconf 88' lang='lat' dir='ltr'><strong>monacho,</strong></span> <span class='ocrx_word' id='word_1_193' title='bbox 1407 2390 1488 2454; x_wconf 84' lang='lat' dir='ltr'><strong>qui</strong></span> <span class='ocrx_word' id='word_1_194' title='bbox 1507 2407 1617 2436; x_wconf 92' lang='lat' dir='ltr'><strong>cum</strong></span> <span class='ocrx_word' id='word_1_195' title='bbox 1635 2388 2018 2436; x_wconf 86' lang='lat' dir='ltr'><strong>Fiscannensibus</strong></span> 
     </span>
    </p>
   </div>
   <div class='ocr_carea' id='block_1_7' title="bbox 653 2551 1879 2839">
    <p class='ocr_par' dir='ltr' id='par_1_8' title="bbox 654 2551 1232 2599">
     <span class='ocr_line' id='line_1_29' title="bbox 654 2551 1232 2599; baseline 0.005 -15"><span class='ocrx_word' id='word_1_196' title='bbox 654 2552 705 2596; x_wconf 86' lang='lat'><strong>(1)</strong></span> <span class='ocrx_word' id='word_1_197' title='bbox 724 2551 847 2597; x_wconf 72' lang='lat' dir='ltr'><strong>Voycz</strong></span> <span class='ocrx_word' id='word_1_198' title='bbox 866 2551 1066 2595; x_wconf 85' lang='lat' dir='ltr'><strong>ci-dessus,</strong></span> <span class='ocrx_word' id='word_1_199' title='bbox 1090 2566 1126 2599; x_wconf 87' lang='lat' dir='ltr'><strong>p.</strong></span> <span class='ocrx_word' id='word_1_200' title='bbox 1150 2552 1232 2596; x_wconf 70' lang='lat'><strong>264.</strong></span> 
     </span>
    </p>

    <p class='ocr_par' dir='ltr' id='par_1_9' title="bbox 653 2611 1825 2780">
     <span class='ocr_line' id='line_1_30' title="bbox 654 2611 1825 2660; baseline 0.002 -15"><span class='ocrx_word' id='word_1_201' title='bbox 654 2612 704 2656; x_wconf 82' lang='lat'><strong>(2)</strong></span> <span class='ocrx_word' id='word_1_202' title='bbox 725 2611 828 2646; x_wconf 82' lang='lat' dir='ltr'><strong>Saint</strong></span> <span class='ocrx_word' id='word_1_203' title='bbox 843 2612 1032 2656; x_wconf 78' lang='lat' dir='ltr'><strong>Anselme3</strong></span> <span class='ocrx_word' id='word_1_204' title='bbox 1055 2612 1147 2647; x_wconf 68' lang='lat' dir='ltr'><strong>abbe</strong></span> <span class='ocrx_word' id='word_1_205' title='bbox 1165 2613 1215 2647; x_wconf 87' lang='lat' dir='ltr'><strong>du</strong></span> <span class='ocrx_word' id='word_1_206' title='bbox 1235 2614 1303 2647; x_wconf 81' lang='lat' dir='ltr'><strong>Bec</strong></span> <span class='ocrx_word' id='word_1_207' title='bbox 1319 2612 1472 2660; x_wconf 62' lang='lat'><strong>(1078-[4</strong></span> <span class='ocrx_word' id='word_1_208' title='bbox 1489 2611 1683 2648; x_wconf 76' lang='lat' dir='ltr'><strong>decembre</strong></span> <span class='ocrx_word' id='word_1_209' title='bbox 1705 2611 1825 2660; x_wconf 81' lang='lat'>1093).</span> 
     </span>
     <span class='ocr_line' id='line_1_31' title="bbox 653 2670 1773 2719; baseline 0.001 -15"><span class='ocrx_word' id='word_1_210' title='bbox 653 2670 834 2714; x_wconf 74' lang='lat' dir='ltr'><strong>Gerbert,</strong></span> <span class='ocrx_word' id='word_1_211' title='bbox 854 2671 945 2706; x_wconf 78' lang='lat' dir='ltr'><strong>abbe</strong></span> <span class='ocrx_word' id='word_1_212' title='bbox 964 2672 1008 2706; x_wconf 85' lang='lat' dir='ltr'><strong>de</strong></span> <span class='ocrx_word' id='word_1_213' title='bbox 1026 2672 1238 2707; x_wconf 83' lang='lat' dir='ltr'><strong>Fontenelle</strong></span> <span class='ocrx_word' id='word_1_214' title='bbox 1258 2671 1409 2716; x_wconf 74' lang='lat'>(1065-4</span> <span class='ocrx_word' id='word_1_215' title='bbox 1428 2672 1633 2718; x_wconf 83' lang='lat' dir='ltr'><strong>septembre</strong></span> <span class='ocrx_word' id='word_1_216' title='bbox 1655 2671 1773 2719; x_wconf 81' lang='lat'>1089).</span> 
     </span>
     <span class='ocr_line' id='line_1_32' title="bbox 655 2730 1770 2780; baseline 0.002 -16"><span class='ocrx_word' id='word_1_217' title='bbox 655 2730 841 2774; x_wconf 82' lang='lat' dir='ltr'><strong>Gontard,</strong></span> <span class='ocrx_word' id='word_1_218' title='bbox 864 2731 955 2766; x_wconf 70' lang='lat' dir='ltr'><strong>abbe</strong></span> <span class='ocrx_word' id='word_1_219' title='bbox 975 2732 1019 2766; x_wconf 76' lang='lat' dir='ltr'><strong>dc</strong></span> <span class='ocrx_word' id='word_1_220' title='bbox 1038 2733 1223 2779; x_wconf 68' lang='lat' dir='ltr'><strong>Jumieges</strong></span> <span class='ocrx_word' id='word_1_221' title='bbox 1240 2732 1413 2780; x_wconf 80' lang='lat'>(1078-26</span> <span class='ocrx_word' id='word_1_222' title='bbox 1431 2733 1627 2767; x_wconf 82' lang='lat' dir='ltr'><strong>novembre</strong></span> <span class='ocrx_word' id='word_1_223' title='bbox 1649 2732 1770 2779; x_wconf 86' lang='lat'>1095).</span> 
     </span>
    </p>

    <p class='ocr_par' dir='ltr' id='par_1_10' title="bbox 656 2789 1879 2839">
     <span class='ocr_line' id='line_1_33' title="bbox 656 2789 1879 2839; baseline 0 -14"><span class='ocrx_word' id='word_1_224' title='bbox 656 2789 705 2835; x_wconf 74' lang='grc'><strong>(5)</strong></span> <span class='ocrx_word' id='word_1_225' title='bbox 723 2790 904 2833; x_wconf 75' lang='lat' dir='ltr'><strong>Geoffroi7</strong></span> <span class='ocrx_word' id='word_1_226' title='bbox 929 2793 1115 2827; x_wconf 67' lang='lat' dir='ltr'><strong>troisiimc</strong></span> <span class='ocrx_word' id='word_1_227' title='bbox 1133 2792 1225 2827; x_wconf 79' lang='lat' dir='ltr'><strong>abbc&#39;</strong></span> <span class='ocrx_word' id='word_1_228' title='bbox 1245 2795 1289 2828; x_wconf 75' lang='lat' dir='ltr'><strong>de</strong></span> <span class='ocrx_word' id='word_1_229' title='bbox 1308 2792 1448 2827; x_wconf 76' lang='lat' dir='ltr'><strong>Pre&#39;anx</strong></span> <span class='ocrx_word' id='word_1_230' title='bbox 1466 2791 1640 2839; x_wconf 59' lang='grc' dir='ltr'><strong>(πορθ-50</strong></span> <span class='ocrx_word' id='word_1_231' title='bbox 1660 2791 1745 2826; x_wconf 70' lang='lat' dir='ltr'><strong>aont</strong></span> <span class='ocrx_word' id='word_1_232' title='bbox 1767 2792 1879 2835; x_wconf 80' lang='lat'>1101).</span> 
     </span>
    </p>
   </div>
  </div>
 </body>
</html>
