2085 3455
556 266 637 302 58³2.
910 261 1154 300 HISTORIA
1183 260 1591 300 ECCLESIASTICA.
1623 265 1970 313 [nEeminn11098J

558 348 781 396 tiochiam
805 350 1034 395 servitum
1056 349 1130 395 vel
1151 364 1326 394 venum
1349 347 1537 394 deducti
1559 358 1693 404 sunt3
1720 358 1766 394 et
1787 365 1969 406 omnes,

556 428 617 472 ita
638 426 808 490 opibus
826 443 993 474 eorum
1010 426 1206 489 direptis
1220 462 1231 483 ,
1251 425 1459 489 dissipati
1480 436 1606 471 sunt.
1628 425 1798 471 Franci
1817 437 1973 472 autem

555 506 729 551 morati
759 516 869 552 sunt
893 505 942 552 in
965 504 1125 552 eadem
1159 503 1277 550 urbe
1298 519 1511 550 mensem
1536 504 1778 567 integrum
1807 513 1853 549 et
1876 502 1976 550 dies

556 592 669 628 tres.

620 659 691 706 Ibi
727 659 934 706 Oriensis
966 660 1211 723 episcopus
1252 660 1323 723 (ι)
1364 658 1628 705 infirmatus
1651 677 1675 705 a
1701 659 1880 723 superis
1904 675 1975 705 re-

556 737 718 795 cessit,
764 747 812 782 et
852 736 909 782 ad
948 753 1142 799 superos
1189 734 1411 782 evolavit.
1455 737 1591 782 Tunc
1630 737 1773 782 fames
1821 734 1973 781 valida

555 815 783 861 exercitui
806 814 1060 878 surrepsit,
1082 825 1129 860 et
1147 813 1411 878 quemlibet
1430 813 1696 871 inhonesta,
1715 814 1791 860 vel
1811 814 1976 860 incon-

555 904 706 950 sueta,
750 893 826 939 vel
864 904 1073 948 austera,
1117 892 1190 938 vel
1231 892 1395 938 illicita
1439 891 1661 938 dentibus
1708 891 1976 938 infastiditis

554 970 788 1035 attingere
815 971 987 1035 coegit.
1015 971 1151 1016 Tunc
1179 970 1320 1016 etiam
1349 969 1558 1015 turcinas
1588 987 1750 1016 carnes
1779 968 1972 1034 quidam

555 1047 867 1095 comederunt
894 1067 904 1095 :
930 1046 1059 1113 quod
1080 1049 1282 1112 majores
1298 1057 1414 1094 natu
1436 1058 1482 1093 et
1502 1047 1795 1094 honestiores
1813 1058 1868 1092 ut
1887 1064 1972 1092 au-

553 1125 770 1182 dierunt,
802 1125 1132 1173 erubescentes
1157 1125 1425 1173 contristati
1463 1136 1598 1184 sunt;
1626 1124 1705 1171 sed
1741 1125 1973 1171 ultionem

555 1220 657 1265 prae
691 1203 838 1249 nimia
873 1204 994 1249 fame
1027 1201 1376 1266 suspenderunt
1399 1204 1486 1266 (2).
1510 1202 1621 1249 Non
1647 1202 1775 1249 enim
1797 1202 1862 1247 eis
1887 1218 1976 1264 pro

555 1281 767 1328 maximo
801 1281 976 1328 scelere
1012 1280 1352 1344 imputabatur,
1379 1281 1488 1345 quia
1512 1297 1603 1344 pro
1632 1280 1733 1326 Deo
1756 1279 1975 1325 alacriter

556 1369 736 1405 tantam
757 1360 930 1406 samem
951 1358 1272 1423 patiebantur,
1298 1369 1345 1405 et
1363 1359 1566 1405 inimicis
1589 1359 1673 1404 Dei
1692 1356 1911 1403 dentibus
1929 1367 1977 1403 et

555 1437 774 1484 manibus
815 1437 1201 1485 inimicabantur.
1239 1437 1497 1483 Patrabant
1530 1435 1749 1501 equidem
1783 1434 1972 1492 illicita;

556 1515 636 1562 sed
673 1517 826 1580 legem
854 1516 1020 1563 violari
1057 1516 1373 1579 compellebat
1409 1516 1655 1563 necessitas
1687 1513 1971 1578 angustiosa.

556 1592 720 1643 Fames
745 1594 873 1640 enim
905 1593 1150 1639 castrensis
1187 1594 1347 1639 omnia
1380 1593 1586 1656 appetit,
1621 1591 1741 1638 nihil
1774 1591 1970 1654 respuit.

556 1669 756 1730 Quidam
803 1688 1004 1734 corpora
1038 1671 1309 1716 Turcorum
1348 1669 1614 1723 findebant,
1657 1668 1884 1733 quoniam
1925 1668 1971 1713 in

556 1764 726 1794 eorum
765 1747 1046 1811 corporibus
1085 1747 1335 1811 byzanteos
1378 1746 1686 1794 inveniebant
1720 1756 1766 1792 et
1804 1762 1973 1790 aurum

555 1825 685 1890 quod
724 1826 1008 1890 glutierant,
1041 1836 1087 1872 et
1123 1824 1239 1871 illud
1274 1824 1525 1872 tollebant.
1562 1824 1782 1887 Plerique
1818 1833 1972 1868 autem

554 1903 675 1950 fame
701 1902 958 1966 praevalida
993 1902 1057 1948 ibi
1082 1903 1348 1966 perierunt.
1377 1902 1448 1948 lbi
1486 1918 1708 1965 proceres
1737 1899 1895 1946 denuo
1918 1898 1975 1945 de

599 2125 649 2169 (1)
669 2122 900 2165 Guillaume,
931 2122 1093 2168 premier
1119 2122 1169 2156 du
1199 2135 1304 2166 nom,
1334 2123 1470 2170 eveque
1494 2122 1683 2170 d’Orange
1706 2129 1744 2157 et
1766 2122 1972 2169 vice-legat.

553 2185 602 2219 Le
618 2185 778 2218 mauvais
797 2184 863 2229 jeu
880 2183 926 2217 de
943 2190 1038 2218 mots
1055 2184 1120 2231 qui
1143 2183 1234 2226 suit,
1260 2184 1507 2230 n'appartient
1525 2195 1588 2230 pas
1608 2196 1654 2218 en
1673 2195 1807 2230 propre
1828 2185 1847 2216 a
1869 2189 1973 2217 notre

553 2251 698 2287 auteur,
719 2244 810 2277 mais
827 2244 847 2277 ὲ
864 2243 1012 2277 Baudri.
1036 2244 1084 2277 La
1104 2250 1201 2278 mort
1219 2242 1264 2278 de
1282 2255 1321 2278 ce
1341 2243 1459 2290 prelat
1478 2244 1594 2277 arriva
1613 2242 1646 2276 le
1665 2254 1684 2276 2
1703 2241 1909 2276 decembre.

600 2306 650 2349 (2)
670 2305 752 2338 Alii
769 2316 859 2338 vero
879 2303 1074 2338 coedebant
1095 2316 1226 2338 earnes
1251 2316 1374 2338 eoram
1397 2316 1465 2349 per
1475 2303 1628 2349 frasm,
1649 2309 1683 2336 et
1701 2301 1906 2348 coquebant
1922 2301 1975 2335 ad

551 2363 864 2399 manducandum.
893 2363 993 2398 Petr.
1024 2363 1170 2399 Tudeb.
1199 2364 1281 2398 Alii
1300 2370 1423 2398 autem
1448 2363 1650 2409 portabant
1666 2362 1719 2397 ad
1736 2363 1900 2408 plateam
1921 2362 1975 2396 ad

553 2423 802 2459 vendendum.
825 2422 915 2458 Belli
939 2422 1039 2458 Sacri
1058 2423 1158 2458 Hist.
1180 2424 1281 2459 -Nam
1305 2424 1505 2460 Christiani
1519 2437 1591 2458 non
1611 2424 1728 2458 solum
1753 2423 1893 2456 thrcos
1910 2422 1973 2456 vel

552 2485 778 2519 Sarracenos
795 2485 933 2518 occisos
947 2511 956 2526 ‚
980 2496 1108 2518 verum
1124 2486 1233 2518 etiam
1250 2497 1360 2519 canes
1377 2491 1544 2530 arreptos
1563 2490 1599 2518 et
1618 2485 1699 2528 igni
1712 2488 1832 2517 coctos
1851 2494 1968 2516 come-

549 2544 635 2578 dere
653 2557 727 2578 non
751 2543 1024 2578 abhorruerant
1040 2556 1120 2589 prce
1144 2545 1280 2590 inopia.
1302 2543 1387 2578 Alb.
1412 2545 1482 2591 Aq.
1512 2544 1576 2578 Les
1597 2543 1726 2578 de'tails
1745 2542 1885 2577 donnes
1904 2554 1969 2587 par

550 2604 666 2639 Raoul
683 2604 728 2638 de
746 2605 844 2639 Caen
864 2610 946 2638 sont
969 2616 1100 2638 encore
1122 2604 1204 2651 plus
1223 2603 1439 2646 revoltants‚
1461 2611 1497 2638 et
1517 2611 1622 2638 notre
1645 2604 1768 2650 plume
1790 2615 1826 2636 se
1848 2601 1968 2636 resusc

546 2678 564 2697 a
585 2663 636 2697 les
654 2663 860 2697 transcrire.
879 2662 985 2696 Cette
1003 2663 1137 2697 famine
1157 2663 1273 2709 parait
1291 2664 1390 2697 avoir
1407 2665 1464 2697 etc
1482 2662 1514 2696 le
1534 2662 1684 2697 resultat
1704 2663 1749 2696 de
1768 2661 1885 2708 pluies
1905 2672 1966 2694 cx-

545 2722 715 2765 cessives,
730 2722 794 2768 qui
813 2721 1071 2767 suspendii-ent
1084 2721 1134 2757 les
1149 2723 1490 2761 communications.
1508 2728 1544 2756 et
1560 2721 1667 2756 sii-ent
1680 2720 1829 2767 ponrrir
1846 2725 1967 2754 tontes

545 2779 595 2813 lcs
615 2780 833 2826 provisions.
