2085 3455
530 337 580 372 32
890 335 1132 374 HISTORIA
1164 335 1562 375 ECCLESIASTICA.

528 422 789 469 succedenti
813 433 1048 485 tempore,
1075 434 1178 485 post
1202 423 1488 470 Mainerium
1512 435 1555 470 et
1576 424 1843 478 Serloncm,
1870 424 1925 469 ad

529 499 784 546 tenendum
801 500 1011 563 regimen
1027 499 1255 546 Uticensis
1266 500 1463 546 ahbatiae
1478 502 1714 547 communi
1727 501 1927 546 fratrum

528 576 757 623 electione
782 586 1028 638 promotus
1051 585 1118 621 est
1144 576 1229 638 (i).
1268 577 1405 635 Quod
1431 594 1581 624 xxx111
1605 577 1738 622 annis
1763 577 1811 622 in
1842 575 1927 622 ad-

528 653 670 699 versis
700 663 745 698 et
767 653 1002 715 prosperis
1030 652 1204 708 tenuit,
1231 654 1452 717 senioque
1474 653 1645 699 fractus
1671 654 1751 699 uni
1783 653 1926 698 disci-

528 730 752 792 pulorum
772 746 965 776 suorum
981 730 1171 775 nomine
1186 729 1396 776 Guarino
1419 730 1674 787 commisit3
1691 741 1736 776 et
1755 731 1922 793 ipsum,

528 816 759 870 quantum
778 807 825 851 in
846 806 945 868 ipso
968 806 1077 862 fuit,
1103 805 1251 851 tribus
1271 807 1404 852 annis
1427 817 1533 852 ante
1557 806 1740 852 obitum
1765 823 1923 861 suum,

529 884 597 928 sui
620 883 848 929 vicarium
879 894 925 928 et
946 900 1257 929 successorem
1283 883 1526 930 constituit
1558 884 1647 946 (2)
1673 883 1850 930 Verum
1873 881 1929 927 de

529 960 599 1006 his
625 961 672 1006 in
697 958 1111 1024 subsequentibus,
1138 961 1172 1006 si
1192 961 1286 1006 vita
1308 977 1460 1007 comes
1492 960 1657 1017 suerit,
1680 961 1715 1006 si
1740 960 1930 1005 facultas

527 1039 789 1102 opitulante
809 1038 908 1084 Deo
927 1039 1225 1101 suppetierit,
1253 1037 1478 1084 sedimine
1506 1048 1669 1084 nostro
1690 1037 1928 1083 manifesta

534 1115 730 1177 posteris
749 1115 988 1160 enarratio
1013 1130 1083 1159 res
1108 1124 1255 1176 gestas
1279 1113 1516 1160 enodabit.
1544 1113 1683 1160 Nunc
1707 1113 1761 1159 ad
1785 1113 1929 1159 disse«

530 1190 696 1237 rendas
720 1208 793 1236 res
816 1191 987 1236 Sancto
1006 1189 1209 1236 Ebrulso
1234 1190 1360 1236 datas
1384 1189 1642 1255 regrediar.

592 1270 674 1316 VI.
704 1268 924 1315 Radulsus
948 1268 1071 1325 tiro,
1110 1267 1231 1313 filius
1258 1267 1442 1313 Alberti
1483 1267 1538 1313 de
1575 1268 1806 1314 Crevenlo
1832 1269 1926 1331 (3),

528 1348 640 1394 dum
680 1347 898 1411 primitus
932 1364 1059 1391 arma
1100 1344 1319 1391 militaria
1355 1355 1534 1408 gestare
1566 1345 1730 1407 coepit,
1766 1355 1931 1390 contra

529 1426 874 1473 Guitmundum
898 1424 1183 1471 monachum
1214 1424 1282 1486 (4)
1308 1442 1413 1469 cum
1443 1423 1617 1469 famulo
1651 1440 1734 1469 suo
1757 1423 1931 1468 Manlia

529 1503 797 1550 venientem
836 1501 882 1546 in
920 1500 1041 1546 valle
1075 1499 1302 1545 Guidonis
1328 1500 1397 1562 (5)
1426 1500 1707 1556 insurrexit,
1736 1498 1932 1563 dejecto-

529 1597 620 1645 que
637 1577 870 1625 monacho
885 1614 896 1634 ,
926 1576 1127 1623 caballos
1147 1575 1356 1621 abduxit.
1384 1575 1641 1622 Monachus
1663 1592 1777 1621 vero
1797 1575 1931 1638 pedes

528 1658 745 1704 Paccium
761 1657 834 1719 (O)
849 1655 1068 1719 expetiit,
1094 1653 1345 1700 Albertum
1364 1670 1573 1700 moerens
1589 1664 1640 1699 ut
1660 1670 1768 1716 erga
1783 1653 1933 1698 filium

531 1735 617 1781 sibi
642 1734 979 1797 suffragaretur
1004 1733 1203 1796 rogavit.
1223 1732 1306 1776 Cui
1323 1731 1539 1794 praefatus
1561 1731 1693 1777 miles
1711 1742 1932 1794 proterve

531 1811 794 1876 respondit,
824 1822 868 1856 et
891 1810 947 1856 de
974 1809 1220 1855 reddendis
1239 1809 1368 1873 equis
1390 1825 1529 1855 omne
1547 1808 1803 1854 subsidium
1821 1825 1930 1854 mox

530 1891 794 1955 denegavit.
818 1890 918 1935 Hoc
937 1887 1097 1934 videns
1132 1886 1361 1933 Alberada
1392 1905 1511 1933 uxor
1533 1888 1626 1951 ejus
1653 1887 1800 1949 coepit
1823 1887 1932 1949 plo——

532 1986 637 2015 rare
654 2005 666 2025 ,
688 1985 852 2013 manus
889 1977 1135 2030 torquere,
1160 1965 1351 2028 capillos
1378 1964 1586 2020 trahere,
1620 1976 1758 2029 atque
1783 1965 1932 2011 filium

579 2126 628 2172 (1)
648 2125 769 2171 Roger
788 2124 837 2157 du
856 2124 926 2169 Sap
944 2122 998 2157 fut
1018 2124 1115 2156 sacre
1135 2122 1226 2156 abbe
1245 2122 1289 2157 de
1308 2114 1593 2164 ὃῑιίηῖ-Ενιόιιίῑ,
1617 2122 1648 2156 le
1666 2133 1711 2169 29
1726 2122 1812 2156 aofit
1835 2135 1933 2170 ¹099·

579 2185 629 2232 (2)
642 2183 785 2219 Guerin
799 2182 861 2216 des
877 2182 1015 2216 Essarts
1027 2182 1079 2216 fut
1095 2183 1193 2216 sacre
1210 2181 1241 2215 le
1258 2181 1344 2227 jour
1360 2181 1405 2216 de
1423 2181 1663 2223 l'Asceusion‚
1679 2184 1722 2223 24
1742 2183 1811 2216 mai
1835 2181 1934 2216 1125.

533 2246 605 2281 Son
622 2243 877 2291 predecesseur
896 2241 1184 2288 vecutjusqu’au
1208 2239 1246 2275 13
1260 2241 1402 2286 janvier
1424 2240 1511 2275 1126
1531 2252 1576 2274 ou
1601 2252 1698 2288 1127.

579 2303 628 2349 (5)
642 2303 816 2343 Cravent,
833 2307 963 2335 canton
983 2300 1028 2334 dc
1046 2300 1253 2334 Bonnicres.

579 2366 629 2410 (4)
647 2365 697 2399 Ce
712 2374 937 2409 personnage
959 2360 1037 2395 doit
1059 2361 1136 2395 etre
1151 2360 1184 2395 le
1208 2360 1325 2395 meme
1344 2373 1414 2407 que
1436 2372 1524 2394 nous
1545 2371 1651 2393 avons
1670 2371 1714 2392 vu
1727 2386 1735 2399 ,
1756 2359 1935 2394 ci-dessus

534 2431 559 2457 t.
580 2424 634 2463 ΙΙ,
651 2435 686 2468 p.
710 2423 776 2463 444
796 2427 832 2454 et
847 2419 925 2467 467,
945 2419 1080 2465 figurer
1100 2431 1240 2452 comme
1258 2418 1390 2453 second
1408 2419 1534 2465 prieur
1551 2417 1596 2451 de
1620 2417 1749 2451 Maulc.

580 2480 628 2525 (5)
649 2480 748 2514 ‘Nous
767 2479 912 2512 n'avons
931 2489 979 2523 pu
997 2484 1186 2511 retrouver
1208 2476 1317 2511 d'une
1335 2477 1494 2510 mauiere
1511 2475 1751 2522 authentique
1776 2474 1935 2521 l’empla-

535 2547 679 2576 cement
703 2539 747 2573 dc
766 2551 804 2572 cc
833 2537 969 2578 vallon,
992 2537 1055 2583 qui
1078 2549 1122 2571 ne
1143 2537 1288 2582 pouvait
1307 2537 1384 2571 eti-e
1409 2536 1502 2569 sitne
1528 2535 1694 2582 qu'entre
1717 2535 1874 2569 Cravent
1900 2541 1936 2568 et

535 2599 654 2635 Maule
666 2628 674 2643 ‚
691 2606 727 2633 et
746 2597 1018 2645 probabit-ment
1035 2596 1123 2630 dans
1140 2596 1172 2630 le.
1192 2597 1372 2641 voisinagc
1389 2594 1433 2628 de
1451 2594 1483 2628 la
1502 2594 1681 2640 premiere
1698 2593 1742 2627 (le
1761 2606 1817 2628 ces
1835 2606 1935 2628 com-

536 2672 679 2696 munes.
692 2658 792 2692 Nous
810 2668 963 2703 pensons
983 2655 1186 2702 cependant
1203 2669 1273 2704 quc
1291 2668 1330 2690 ce
1348 2654 1496 2701 pouvait
1517 2654 1593 2688 eti-c
1614 2667 1684 2687 unc
1702 2653 1935 2700 dependance

537 2721 586 2755 du
606 2717 880 2754 Filesnil-Guion
894 2744 902 2759 ‚
924 2728 1117 2750 commune
1134 2715 1180 2749 de
1199 2715 1398 2749 Lommoie.
1418 2714 1447 2747 Il
1472 2713 1586 2760 parait
1608 2713 1797 2759 qu’Albcrt
1820 2714 1935 2747 saisait

535 2780 650 2827 partie
665 2778 708 2812 dc
726 2778 755 2811 la
776 2777 944 2823 garuison
963 2775 1006 2810 (lc
1025 2776 1107 2810 Paci
1122 2804 1129 2818 ,
1145 2783 1180 2809 et
1201 2775 1232 2809 la
1250 2773 1489 2809 commandaii
1513 2773 1705 2819 pent-etro.

583 2839 631 2883 (6)
653 2835 947 2871 Paci-sur-Eurc.
