2033 3445
51 302 186 351 [1091]
538 295 692 334 LIBER
721 295 967 333 ocTAvrs.
1380 296 1457 334 75

32 385 197 451 frater
230 395 352 429 taus.
381 382 593 446 Cumque
629 380 875 445 presbyter
907 396 996 442 pro
1024 389 1117 424 tam
1151 380 1382 442 insperata
1407 397 1459 426 re

51 462 350 509 vehementer
395 459 728 515 admiraretur,
769 458 1065 521 nimiumque
1108 473 1198 520 pro
1241 455 1312 502 his
1355 474 1460 521 quae

52 539 254 593 viderat,
280 547 333 583 ut
355 536 537 583 dictum
559 547 627 583 est
642 572 652 592 ‚
679 536 754 582 vel
778 545 1008 591 senserat,
1033 544 1308 598 angeretur,
1329 534 1464 580 miles

52 616 91 662 ei
116 614 172 661 de
195 615 395 678 pueritia
420 613 663 677 utriusque
680 612 830 657 multa
850 612 999 675 coepit
1019 627 1289 668 recensere,
1312 621 1359 657 et
1376 627 1463 657 no-

56 692 225 739 tissima
249 691 380 755 signa
417 691 630 737 recitare.
657 688 881 736 Sacerdos
919 699 1077 735 autem
1101 687 1256 734 audita
1286 688 1465 752 optime

55 767 315 825 recolebat,
339 767 417 815 sed
435 785 519 815 ore
546 768 764 815 confiteri
788 784 885 814 non
910 784 1061 823 ausus,
1085 767 1245 813 omnia
1264 765 1466 830 denega-

55 847 149 894 bat.
183 844 398 893 Tandem
435 847 655 909 praefatus
686 862 826 910 eques
849 847 914 891 ait
942 865 952 891 :
977 846 1136 892 [Uiror
1164 846 1399 891 duritiam
1424 855 1469 891 et

57 924 381 971 hebetudinem
405 936 553 971 tuam.
581 930 686 988 Ego
707 935 749 969 te
762 934 875 987 post
895 935 1090 970 mortem
1119 925 1360 988 utriusque
1375 941 1468 988 ρα-

57 1003 198 1048 rentis
223 1003 423 1059 nutrivi,
455 1013 499 1047 et
534 1019 679 1065 super
705 1019 868 1048 omnes
903 1001 1129 1048 mortales
1159 1001 1327 1047 dilexi.
1359 1002 1469 1065 Ego

59 1091 100 1128 te
122 1081 192 1127 ad
211 1079 402 1128 scholas
427 1082 477 1127 in
511 1080 728 1127 Galliam
762 1080 930 1126 direxi
952 1081 1052 1144 (1),
1077 1091 1120 1126 et
1155 1091 1304 1126 vestes
1328 1098 1471 1126 num-

58 1177 244 1224 mosque
263 1159 350 1205 tibi
363 1162 552 1223 copiose
564 1161 769 1225 porrexi
774 1197 790 1217 ,
813 1159 1018 1223 aliisque
1035 1159 1192 1205 multis
1211 1157 1366 1205 modis
1384 1159 1475 1205 tibi

51 1236 280 1304 prodesse
307 1238 426 1283 satis
451 1236 715 1283 elaboravi.
742 1237 892 1284 Nunc
924 1236 1088 1283 horum
1111 1239 1353 1282 immemor·
1371 1237 1473 1300 effi-

60 1316 203 1371 ceris,
228 1331 395 1377 meque
429 1313 759 1360 tantammodo
796 1330 1133 1378 recognoscere
1168 1313 1468 1377 dedignaris.

60 1390 194 1437 Tunc
218 1389 478 1454 presbyter,
508 1390 723 1437 veridicis
744 1389 998 1437 faminibus
1023 1390 1095 1454 (2)
1123 1388 1334 1436 ubertim
1353 1406 1474 1453 pro-

62 1468 189 1526 latis,
231 1468 474 1515 convictus
508 1478 577 1515 est
618 1467 981 1532 allegationibus
1018 1468 1184 1524 certis,
1225 1467 1475 1531 palamque

62 1563 168 1593 cum
190 1546 408 1609 lacrymis
429 1547 570 1592 fassus
603 1556 671 1592 est
706 1544 925 1591 affamina
959 1545 1134 1590 fratris.
1171 1545 1307 1591 Tunc
1343 1544 1476 1590 miles

61 1623 179 1671 dixit
203 1624 243 1671 ei
269 1644 279 1670 :
307 1626 479 1671 Merito
498 1623 740 1670 debuisses
764 1624 909 1680 mori,
938 1634 1304 1684 nostrarumque
1321 1625 1478 1687 parti-

64 1719 172 1767 ceps
184 1718 444 1767 poenarum
465 1719 594 1748 nunc
611 1701 857 1747 nobiscum
876 1700 1027 1758 tralze',
1049 1701 1168 1762 quia
1193 1717 1266 1747 res
1289 1711 1476 1746 nostras

64 1777 252 1843 nffaria
271 1781 529 1826 temeritate
549 1780 781 1826 invasisti.
802 1780 908 1825 Hoc
924 1778 1087 1825 nullus
1101 1778 1228 1824 alius
1250 1778 1480 1824 inchoare

67 1855 345 1920 aususfait.
370 1857 472 1904 Sed
491 1859 667 1913 missa,
696 1873 843 1920 quam
867 1855 1008 1902 hodie
1042 1855 1278 1910 cantasti,
1310 1872 1370 1900 ne
1386 1873 1479 1920 pe-

68 1938 180 1982 rires
218 1946 263 1981 te
298 1936 514 1982 salvavit.
560 1934 689 1992 saijlzi
723 1951 907 1997 quoque
939 1949 1065 1978 nunc
1095 1932 1381 1996 permissum
1414 1942 1481 1977 est

72 2141 147 2190 day
161 2142 265 2178 Book
281 2142 462 2190 plusieurs
479 2153 724 2189 personnages
741 2147 890 2188 portant
906 2140 939 2174 le
956 2152 1042 2174 nom
1060 2140 1105 2175 de
1123 2140 1284 2175 Lehlond
1296 2169 1304 2184 ‚
1326 2148 1363 2176 ct
1378 2148 1483 2176 entre

71 2208 190 2236 autres
206 2200 394 2236 Gislebert
411 2199 573 2234 Leblond
585 2227 593 2243 ‚
615 2200 679 2247 qui
696 2198 824 2242 sonda‚
844 2211 922 2233 vers
944 2212 953 2232 1
968 2210 1048 2242 100,
1067 2198 1100 2232 le
1116 2198 1264 2245 prieure
1280 2198 1483 2234 d'waorth

73 2260 263 2307 (Suffolk).
290 2261 321 2295 Il
344 2274 366 2308 y
389 2273 408 2294 a
435 2261 529 2294 aussi
557 2272 607 2294 un
629 2259 768 2293 Robert
794 2257 974 2302 Leblond‚
1000 2258 1090 2292 mais
1117 2257 1266 2293 celui-ci
1292 2259 1407 2293 tenait
1430 2271 1484 2294 ses

73 2321 231 2356 manoirs
245 2321 308 2355 des
322 2321 354 2355 le
371 2328 490 2366 temps
503 2319 553 2353 du
568 2320 621 2353 roi
638 2311 808 2353 Edonard
822 2333 830 2361 ;
848 2318 935 2352 c’est
951 2317 1133 2365 pourquoi
1152 2329 1244 2352 nous
1259 2330 1304 2352 ne
1322 2330 1485 2365 pouvons

73 2393 95 2428 y
117 2382 194 2417 vair
219 2394 270 2416 un
295 2381 391 2416 frere
418 2380 468 2414 du
490 2381 602 2426 jeune
624 2386 661 2414 et
686 2379 886 2426 vigoureux
910 2380 997 2412 cure
1021 2378 1066 2412 de
1092 2377 1292 2423 Bonneml,
1320 2380 1339 2412 a
1367 2378 1486 2413 moins

75 2438 341 2487 d’unegrande
359 2439 555 2474 difference
574 2437 688 2485 d’iige.

120 2499 170 2545 (ι)
185 2500 236 2535 Ce
254 2511 400 2546 passage
415 2499 565 2533 eurieux
580 2510 672 2533 nous
690 2509 825 2544 prouve
842 2509 931 2544 que,
951 2496 1090 2544 malgre
1104 2496 1137 2532 la
1151 2497 1261 2532 haute
1278 2499 1486 2544 reputation

77 2557 346 2605 dontjouissait
361 2561 380 2593 a
401 2565 496 2594 cette
518 2560 661 2605 epoque
683 2556 806 2592 l⁷ecole
823 2556 873 2590 du
890 2556 978 2600 Boc,
1000 2557 1121 2592 c’etait
1138 2569 1269 2592 encore
1287 2570 1332 2592 cn
1351 2558 1489 2592 France

79 2620 137 2660 (et
158 2617 436 2665 probablement
457 2619 476 2652 a
501 2617 622 2662 Paris)
650 2629 721 2663 qne
747 2616 776 2649 la
804 2615 953 2662 plupart
970 2615 1032 2649 des
1058 2615 1266 2650 Normands
1288 2616 1446 2650 destines
1471 2619 1490 2649 a.

79 2673 179 2710 l’etat
194 2675 465 2723 ecclesiastique
484 2674 631 2710 allaient
650 2674 851 2721 completor
871 2673 968 2708 leurs
987 2673 1126 2709 etudeS.
1149 2674 1177 2709 Il
1194 2686 1238 2709 en
1254 2674 1341 2709 c'tait
1358 2685 1491 2708 encore

81 2733 125 2768 de
146 2735 262 2770 meme
279 2737 297 2769 a
318 2735 483 2782 l'epoque
501 2736 546 2770 οὺ
568 2736 680 2769 Uace
703 2734 740 2769 fit
760 2734 808 2768 les
828 2733 981 2768 sienncs.

126 2795 175 2840 (⁴2)
193 2795 350 2830 Pau-oles.
