2033 3445
571 298 723 337 LIBER
754 299 1019 336 SEPTIMUS.
1429 302 1504 338 1653

157 389 417 435 Henricum
441 403 572 450 ergo,
598 385 971 431 Teutonicorum
1002 400 1180 448 regem,
1205 385 1312 448 quia
1331 385 1506 432 divinae

96 467 209 532 legis
233 465 569 529 praevaricator
596 473 698 508 erat
716 462 1082 525 incorrigibilis,
1101 478 1223 525 saepe
1242 461 1507 519 admonuit,

95 545 345 607 corripuit⁷
371 542 427 588 ad
449 551 743 605 postremum
763 541 1207 586 excommunicavit.
1227 539 1345 585 Nam
1368 542 1510 603 prin—

96 639 199 685 ceps
230 622 450 684 praefatus
482 634 682 665 uxorem
710 635 859 675 suam,
885 617 1126 664 Eustachii
1153 618 1511 664 Boloniensium

94 699 266 764 egregii
289 697 472 744 comitis
491 695 654 751 filiam,
674 695 886 759 reliquit,
905 706 951 741 et
969 695 1172 742 sordidis
1192 694 1413 741 adulterii
1435 714 1514 742 vo-

93 775 380 841 luptatibus,
407 785 460 820 ut
484 791 657 838 porcus
691 774 793 820 luto
830 773 1059 838 gaudens,
1092 773 1301 829 inhaesit,
1332 774 1514 839 Deique

94 854 274 920 legibus
292 863 338 900 et
359 851 599 900 bonorum
626 850 1037 898 exhortationibus
1070 853 1269 898 omnino
1291 851 1484 898 infestus
1498 889 1509 908 ,

92 931 296 979 obstitit.
314 928 611 986 Godesridus‚
634 940 791 976 autem
806 930 1129 993 Lotliaringiae
1149 928 1263 987 dux,
1288 931 1414 993 turpi
1431 947 1514 975 re-

93 1008 236 1075 pudio
260 1009 437 1056 sororis
456 1025 550 1054 suae
583 1018 808 1063 moestus,
836 1007 1016 1054 bellum
1049 1018 1217 1054 contra
1252 1009 1513 1054 Hem-icum

92 1087 383 1144 commovit,
422 1097 468 1133 et
501 1086 663 1132 multis
698 1086 742 1131 in
784 1103 932 1131 unum
973 1084 1184 1131 millibus
1217 1086 1515 1150 congregatis

94 1183 199 1212 cum
229 1182 286 1212 eo
310 1163 552 1221 conflixit,
580 1165 828 1227 ipsumque
860 1180 969 1209 cum
992 1162 1224 1209 dedecore
1256 1164 1435 1209 victum
1459 1162 1516 1209 de

98 1261 265 1308 campo
290 1243 494 1307 fugavit,
533 1253 579 1287 et
613 1243 677 1287 sic
716 1241 937 1304 injuriam
969 1241 1146 1287 sororis
1179 1257 1273 1285 suae.
1310 1240 1518 1286 vindica-

94 1322 162 1368 vit
183 1323 273 1385 (1).

158 1399 292 1463 Saepe
319 1398 442 1444 idem
469 1415 549 1444 rex
578 1414 798 1460 proceres
823 1414 952 1452 suos,
983 1414 1189 1460 quorum
1216 1413 1412 1454 uxores,
1438 1413 1514 1442 seu

95 1477 236 1532 filias,
261 1477 333 1522 vel
362 1475 538 1540 praedia
560 1474 946 1537 concupiscebat,
971 1473 1027 1520 ad
1045 1474 1227 1519 curiam
1245 1491 1376 1519 suam
1397 1473 1520 1519 'frau-

96 1555 318 1601 dulenter
343 1551 646 1609 accersiebat,
673 1563 721 1598 et
743 1552 928 1598 occulte
962 1552 1213 1616 praemissis
1237 1550 1516 1598 satellitibus

94 1632 204 1688 suis,
233 1632 278 1676 in
306 1632 378 1676 via
403 1647 591 1677 securos
614 1628 895 1693 perimebat.
920 1630 1002 1675 His
1024 1629 1221 1693 aliisque
1239 1630 1401 1675 multis
1427 1646 1516 1675 ne-

91 1710 253 1774 quitiis
270 1708 424 1755 foedus
438 1725 519 1754 rex
544 1724 590 1754 se
614 1706 874 1764 inficiebat,
898 1718 945 1753 et
966 1708 1245 1754 innumeros
1262 1707 1516 1771 complices

95 1787 271 1849 pariter
295 1784 579 1849 proditionis
602 1784 659 1830 ad
679 1785 940 1848 perniciem
964 1802 1120 1832 secum
1145 1784 1375 1832 trahebat.
1403 1785 1517 1832 Gre-

96 1863 257 1927 gorius
280 1863 401 1926 Papa
435 1874 679 1909 tantorum
715 1862 946 1908 scelerum
981 1862 1196 1927 querelas
1224 1874 1270 1908 ut
1310 1861 1512 1920 audivit,

94 1942 341 2004 praefatum
356 1941 513 1987 virum
531 1951 583 1986 ut
597 1941 743 1986 vitam
759 1958 888 1986 suam
904 1939 1203 1995 emendaret,
1229 1941 1513 2005 plerumque

94 2019 372 2067 obsecravit.
410 2018 499 2065 Sed
535 2019 619 2066 illo
660 2019 879 2083 nequiter
916 2018 1151 2065 medicum
1187 2029 1234 2065 et
1267 2018 1513 2065 doctorem

95 2097 435 2154 subsannante,
473 2097 591 2144 nihil
613 2097 830 2161 profecit.
860 2099 993 2160 Saepe
1027 2097 1289 2144 multorum
1327 2113 1512 2159 praesu-

93 2175 192 2222 lum
209 2176 437 2239 synodum
459 2175 705 2230 adunavit,
728 2175 844 2221 etde
864 2174 1120 2221 christiano
1142 2175 1362 2238 imperio,
1384 2173 1511 2238 quod

96 2264 189 2299 tam
213 2254 419 2318 turpiter
442 2264 489 2300 et
507 2253 683 2299 nefarie
703 2252 972 2316 polluebat,
998 2252 1203 2316 qualiter
1225 2253 1505 2316 corrigeret,

93 2395 226 2443 l’eglise
241 2397 286 2431 de
303 2397 552 2433 Saint-Piem’e
579 2410 661 2432 sous
679 2398 709 2431 le
732 2409 814 2432 nom
843 2397 887 2430 de
902 2397 1071 2432 Clement
1090 2398 1155 2431 111.
1180 2399 1296 2443 Apres
1320 2397 1351 2431 le
1378 2397 1504 2445 deparl

94 2455 139 2491 de
154 2457 268 2492 Henri
284 2485 292 2500 ‚
310 2457 342 2492 la
360 2457 458 2492 levee
478 2457 527 2492 du
547 2458 644 2504 siege
663 2457 711 2491 du
731 2457 881 2492 chateau
902 2457 1149 2504 Saint-Angc,
1166 2459 1213 2491 ou
1232 2457 1414 2504 Gregoire
1434 2459 1507 2493 ΥΠ

95 2517 181 2552 etait
208 2517 369 2565 refugie‚
393 2525 428 2552 et
455 2517 488 2553 le
513 2530 569 2553 sac
594 2518 639 2552 de
669 2517 786 2551 Rome
813 2530 877 2564 pai·
902 2517 1041 2551 Robert
1068 2518 1269 2558 Guiscard,
1295 2518 1326 2553 le
1354 2531 1443 2565 pape
1471 2530 1506 2552 se,

95 2576 203 2610 retira
224 2589 269 2610 au
287 2584 391 2611 mont
405 2578 529 2613 Cassin
550 2584 587 2612 et
603 2577 649 2611 de
666 2577 698 2611 la
716 2580 732 2611 ii
750 2576 909 2611 salerno.

136 2637 188 2682 (ι)
212 2637 312 2671 Tout
331 2649 371 2672 ce
394 2638 624 2685 paragrapho
640 2645 694 2671 est
714 2637 824 2670 ‹l'une
854 2637 1009 2671 saussete
1039 2637 1242 2671 manifeste.
1272 2637 1506 2683 L'cmpereur

94 2695 223 2731 n’avait
240 2698 345 2743 point
362 2699 496 2745 epouse
522 2698 552 2732 la
572 2710 668 2733 sceui·
686 2698 731 2731 clo
754 2697 931 2731 (iodcl'roi
953 2696 997 2731 de
1019 2697 1184 2731 Bouillon
1201 2726 1209 2738 ‚
1230 2705 1265 2731 et
1289 2698 1362 2732 loin
1389 2697 1506 2732 (ΝΜ-θ

92 2768 136 2790 en
159 2769 288 2803 guerre
306 2758 509 2801 ensemble‚
523 2771 562 2793 ce
583 2759 638 2793 sut
656 2759 718 2793 des
736 2758 852 2792 mains
872 2756 916 2790 de
931 2757 1045 2791 Henri
1057 2769 1128 2804 que
1143 2769 1183 2790 ee
1197 2759 1367 2803 seigneur
1387 2764 1501 2803 requi,

91 2826 135 2850 en
157 2815 243 2863 ¹093
256 2845 264 2860 ‚
283 2817 521 2852 l‘investiture
539 2818 587 2851 du
607 2818 728 2851 ductu}
745 2820 789 2850 de
807 2816 835 2850 la
856 2817 1151 2851 Basse-Lorrainc
