2033 3445
90 284 359 334 [1115-1116]
590 279 744 318 LIBER
771 278 979 317 SEXTUS.
1414 285 1488 322 129

89 367 252 424 drida,
275 385 383 414 cum
401 383 554 413 sorore
570 383 679 422 saa,
700 375 873 417 sancta
889 363 1144 427 Seoeburga
1159 365 1252 428 (1).
1272 366 1364 413 Ille
1377 386 1490 416 vero

83 446 312 512 prcevium
331 444 503 501 lamen,
524 442 655 506 qaod
671 442 876 488 Sanetos
897 440 1226 497 antecedebat,
1251 444 1491 492 insolitam

85 522 254 571 adesse
283 537 625 586 expavescens,
660 536 809 565 mana
831 535 923 565 saa
952 518 1114 565 oculos
1139 537 1251 566 suos
1281 524 1487 585 operuit.

92 601 146 646 V
140 597 402 646 enientibas
427 608 585 644 autem
607 597 800 643 Sanctis
830 614 940 643 eam
966 599 1069 660 ipso
1093 596 1295 654 lamine,
1320 612 1493 647 sancta.

81 675 349 740 Egeldrida
357 676 496 741 prius
510 674 670 721 locata
685 684 755 721 est
771 693 782 720 .·
800 673 923 734 Quid
939 691 1042 733 nos,
1061 675 1231 738 inquit,
1253 661 1487 733 Bricstan‚

84 755 253 803 totiens
286 754 501 817 lacrymis
532 751 722 818 pulsas?
757 752 879 813 Quid
912 769 998 800 nos
1035 753 1176 800 tantis
1209 753 1494 802 clamoribus

82 828 377 880 commoves?
393 830 484 878 Ille
503 829 693 895 quidem
697 867 713 887 ‚
726 831 839 895 jam
857 829 1131 877 debilitatus
1137 832 1343 897 jejunio,
1365 851 1492 879 nanc

84 911 227 974 quasi
251 909 300 954 in
324 925 528 955 excessa
552 909 720 955 mentis
745 907 983 964 redditas,
1012 919 1056 953 et
1076 908 1265 972 gaudio
1288 910 1492 971 repletas

78 1004 166 1053 pro
190 996 323 1033 tanto
346 986 580 1033 miraculo
591 1024 606 1044 ,
633 985 760 1032 nilzz‘l
778 989 966 1032 omnino
991 985 1267 1049 respondere
1287 998 1489 1051 poterat.

85 1065 222 1111 Tune
261 1063 449 1111 Sancta
480 1063 772 1130 subjungens
807 1067 875 1110 ait
901 1082 912 1109 .·
941 1063 1046 1128 Ego
1076 1082 1179 1110 sum
1205 1064 1460 1128 Egeldrida
1478 1100 1490 1121 ‚

81 1158 223 1206 quam
258 1151 310 1187 tu
337 1140 472 1188 toties
510 1141 755 1197 invocasti.
788 1141 875 1187 Hic
900 1139 1029 1187 adest
1053 1151 1238 1188 sanctus
1261 1141 1495 1188 Benedic-

82 1229 181 1278 tus,
212 1217 300 1265 sub
326 1219 455 1283 cujus
479 1217 644 1264 habitu
672 1229 716 1264 te
738 1218 837 1265 Deo
859 1218 1146 1264 serviturum
1167 1216 1420 1279 devovisti,
1447 1230 1494 1265 et

81 1314 106 1343 a
127 1313 223 1362 quo
241 1296 469 1342 auxilium
487 1295 727 1343 multoties
749 1295 1017 1359 poposcisti.
1044 1295 1125 1342 Vis
1142 1294 1367 1342 liberari?
1391 1299 1492 1343 Aa·

82 1374 187 1421 dita
207 1374 300 1420 hae
317 1391 451 1431 voce,
473 1375 647 1421 revixit
661 1374 860 1437 spiritus
882 1375 1004 1438 ejus,
1030 1385 1073 1419 et
1092 1375 1234 1437 quasi
1247 1375 1309 1420 de
1327 1393 1492 1421 somno

81 1451 341 1514 evigilans,
376 1452 446 1497 ait
472 1469 482 1496 :
508 1451 710 1498 Domina
733 1467 861 1507 mea,
897 1451 933 1496 si
966 1451 1125 1514 aliquo
1161 1451 1304 1497 modo
1333 1451 1493 1499 vivere

80 1545 288 1592 possem,
322 1528 382 1574 ab
414 1528 500 1575 isto
531 1527 781 1575 execrabili
812 1544 999 1574 carcere
1025 1528 1154 1574 exire
1185 1528 1372 1575 vellem.
1403 1529 1494 1576 Sed

76 1607 172 1670 jam
200 1621 276 1652 me
304 1604 496 1651 diversis
532 1605 757 1669 angustiis
793 1605 857 1651 sic
890 1605 1115 1651 afflictum
1141 1604 1304 1662 video,
1336 1605 1490 1670 quod,

80 1683 255 1730 amissis
278 1682 458 1729 viribus
477 1683 691 1747 corporis
711 1682 955 1741 omnibus,
983 1682 1209 1729 evadendi
1230 1700 1361 1747 spem
1380 1684 1494 1731 nul-

80 1761 174 1808 lam
202 1761 398 1808 ulterius
427 1760 594 1807 habeo.
628 1762 768 1807 Tunc
797 1772 967 1807 saneta
992 1762 1158 1824 virgo,
1186 1761 1256 1806 ad
1275 1773 1494 1808 sanctum

79 1838 392 1886 Benedictum
414 1855 666 1895 conversa,
687 1838 814 1883 discit
835 1857 846 1882 .·
869 1838 1036 1884 Sancte
1053 1838 1326 1896 Benedicte‚
1347 1857 1493 1904 quare

82 1933 178 1963 non
196 1916 305 1963 facis
326 1915 455 1980 quod
479 1915 565 1962 tihi
585 1933 609 1961 a
626 1916 833 1962 Domino
853 1926 1146 1979 praeceptum
1165 1914 1265 1963 est?
1287 1917 1374 1962 Ad
1391 1917 1495 1964 lices.-

81 1991 226 2038 verba
260 1994 340 2038 vir
374 1992 656 2039 venerabilis
691 1992 982 2038 Benedictus
1019 2010 1213 2038 manum
1250 2011 1389 2039 suam
1426 1995 1497 2039 acl

83 2068 216 2116 boias
243 2070 314 2132 (2)
345 2070 496 2126 misit,
526 2081 568 2115 et
591 2086 657 2115 ex
684 2080 882 2133 atraque
905 2066 1213 2133 parlefi'ege't
1224 2106 1241 2125 ,
1268 2081 1411 2133 atque
1433 2071 1494 2117 de

79 2146 282 2209 pedibas
302 2147 541 2193 vinc-alati
557 2148 628 2192 sic·
647 2148 859 2192 extraxit
870 2184 883 2204 ,
910 2146 1043 2210 quod
1064 2146 1143 2192 ille
1163 2146 1286 2192 nihil
1300 2150 1493 2195 omnino

82 2230 247 2284 sensit,
285 2238 329 2273 et
354 2227 467 2291 plus
493 2230 634 2291 jussa
663 2245 805 2291 quam
841 2238 952 2273 acta
986 2227 1097 2274 illas
1111 2227 1330 2292 fregisse
1363 2230 1494 2275 visas

83 2315 166 2350 est.
201 2304 326 2367 Qui,
353 2322 459 2351 eum
485 2305 547 2350 ab
574 2322 625 2350 eo
650 2305 761 2350 illas
787 2307 1071 2361 removisset,
1097 2304 1158 2350 de
1182 2323 1328 2351 manu
1351 2309 1496 2369 quasi

85 2379 346 2445 indignans
365 2382 598 2446 projecit,
628 2380 805 2427 trabem
817 2418 831 2438 ,
870 2398 976 2445 qace
1002 2381 1232 2428 solariam
1256 2382 1330 2444 (3)
1362 2381 1492 2429 illias

133 2540 182 2584 (1)
209 2539 331 2575 Sainte
357 2540 562 2587 Sexburge,
593 2552 689 2575 soeur
714 2540 815 2574 ainee
845 2540 890 2574 de
915 2541 1029 2575 sainte
1055 2532 1287 2584 Etheldride,
1315 2542 1448 2576 mariee
1471 2545 1490 2576 ἐι

86 2598 316 2642 Ercombert,
345 2600 398 2634 roi
428 2600 472 2635 de
500 2600 613 2643 Rem,
645 2600 708 2647 qui
734 2606 883 2634 mourut
907 2612 953 2635 cn
976 2599 1063 2643 664,
1094 2600 1244 2635 succeda
1270 2602 1287 2634 ἐι
1313 2600 1345 2635 la
1371 2601 1492 2648 pieusc

87 2658 267 2704 princesse
285 2659 372 2695 dans
391 2660 423 2695 le
445 2666 729 2704 gouvernement
750 2659 799 2694 du
818 2661 1021 2695 monasterie
1040 2651 1153 2705 d'Ely‚
1177 2673 1221 2695 cn
1239 2659 1320 2707 679.

134 2719 182 2762 (9,)
203 2719 297 2753 Fers.

135 2775 185 2821 (3)
205 2778 250 2812 Le
270 2778 453 2825 planchcr.

189 2853 256 2881 ιιι.
1276 2855 1301 2894 o
