2033 3445
542 260 694 299 LIBER
722 258 966 298 OCTAVUS.
1376 259 1448 297 431

47 346 200 394 Sancti
223 345 446 391 Trinitati
469 357 745 393 reverenter
766 345 992 399 militans,
1016 345 1280 390 consenuit.
1300 343 1456 408 Egre-

49 421 510 490 gioCluniacensium
528 422 707 480 abbati,
721 423 911 476 Pontio,
929 420 1148 466 eximiam
1169 421 1457 484 explanatio-

49 517 156 547 nem
188 516 329 562 super
362 498 610 562 parabolas
645 497 909 544 Salomonis
950 497 1224 554 contexuit,
1261 496 1457 561 aliisque

48 575 391 624 venerabilibus
421 576 634 639 personis
660 575 991 621 Ecclesiastem
1025 584 1072 620 et
1101 574 1295 620 Cantica
1331 573 1459 620 Can-

49 654 249 701 ticorum
267 670 319 699 ac
331 653 760 700 Deuteronomium
785 652 1053 699 luculenter
1071 652 1314 715 exposuit,
1335 651 1458 697 mul-

50 742 209 796 tosque
233 741 456 776 tractatus
483 747 622 794 super
653 730 853 777 obscura
885 729 1228 793 prophetarum
1257 727 1459 792 proble-

48 819 167 855 mata
189 808 440 872 allegorice
462 825 542 854 seu
564 808 861 871 tropologice
883 806 1101 853 disseruit
1122 806 1217 870 (1).

110 886 329 932 Nicolaus
345 922 357 942 ,
380 886 520 932 levita
544 896 590 932 et
620 885 762 932 abbas
794 885 941 931 sancti
965 884 1180 947 praesulis
1211 882 1455 939 Audoeni‚

50 963 173 1010 tertii
196 962 404 1020 Ricardi‚
424 962 554 1010 ducis
571 964 986 1020 Normannorum,
1009 962 1132 1008 filius
1149 962 1259 1020 fuit,
1279 961 1460 1007 multa-

49 1056 136 1105 que
149 1040 441 1103 benignitate
459 1050 507 1086 et
522 1040 767 1097 charitate,
789 1039 984 1103 aliisque
1001 1037 1258 1084 virtutibus
1274 1036 1457 1096 floruit,

49 1118 158 1164 etin
175 1117 383 1164 Ecclesia
403 1118 488 1165 Dei
511 1135 657 1183 usque
678 1118 735 1164 ad
758 1127 981 1181 quartum
1004 1134 1184 1163 annum
1205 1126 1314 1180 post
1334 1133 1461 1163 mor-

50 1205 143 1244 tem
157 1194 398 1241 Guillelmi
417 1196 559 1260 regis,
582 1194 857 1242 consobrini
876 1195 965 1252 sui,
986 1194 1250 1258 specialiter
1264 1192 1456 1239 effulsit.

50 1272 152 1331 Hic,
168 1274 483 1336 compellente
497 1272 742 1319 Rodberto
756 1272 891 1329 duce,
910 1282 1082 1335 patruo
1102 1287 1203 1327 suo,
1222 1287 1341 1334 puer
1354 1287 1462 1317 mo-

0 1370 2 1416 i
51 1349 223 1397 nachus
258 1351 307 1397 in
340 1350 566 1398 coenobio
597 1350 898 1397 Fiscannensi
925 1348 1011 1395 sub
1040 1347 1260 1395 Johanne
1291 1346 1462 1394 abbate

51 1427 191 1474 factus
214 1438 299 1474 est.
327 1428 417 1474 Sed
440 1439 547 1492 post
569 1428 750 1492 aliquot
773 1443 921 1473 annos
940 1445 966 1472 a
986 1425 1243 1472 Guillelmo
1266 1424 1383 1471 duce
1405 1423 1463 1471 ad

51 1504 254 1567 praefatae
285 1505 500 1569 regimen
535 1504 737 1551 abbatiae
770 1505 817 1550 in
854 1502 1170 1550 adolescentia
1202 1512 1464 1565 assumptus

52 1590 133 1627 est.
164 1582 218 1628 In
253 1582 485 1646 regimine
507 1600 622 1629 vero
647 1582 851 1646 positus,
879 1580 1098 1645 subjectis
1138 1580 1264 1626 intus
1301 1590 1464 1626 exter-

0 1678 4 1731 !
51 1657 214 1723 nisque
255 1659 404 1724 magis
447 1659 666 1723 prodesse
713 1676 856 1723 quam
907 1674 1105 1721 praeesse
1154 1656 1350 1703 studuit.
1399 1655 1464 1702 Et

0 1734 4 1815 ι
52 1745 295 1800 postquam
311 1771 325 1794 ‚
361 1736 561 1784 adorato
596 1737 645 1783 in
686 1736 950 1782 Jerusalem
984 1734 1202 1797 sepulcro
1240 1732 1461 1790 Domini,

53 1814 306 1872 remeavit,
348 1814 742 1879 quinquagesimo
782 1823 914 1859 sexto
956 1811 1202 1876 regiminis
1234 1811 1305 1857 sui
1338 1827 1466 1857 anno

57 1900 119 1936 1v⁰
154 1890 375 1938 kalendas
413 1891 574 1937 martii
609 1890 730 1938 obiit
770 1891 868 1953 (2),
911 1900 958 1936 et
995 1890 1044 1935 in
1083 1888 1275 1935 ecclesia
1317 1888 1465 1934 sancti

54 1965 175 2015 Petri
206 1968 431 2032 apostoli,
462 1985 602 2032 quam
626 1968 722 2032 ipse
742 1985 767 2013 a
786 1966 1104 2014 fundamentis
1127 1975 1341 2029 coeperat
1363 1965 1436 2029 (3)
1450 2001 1463 2022 ‚

4 2039 5 2044 ¹
56 2054 161 2090 ante
178 2044 326 2091 altare
350 2055 522 2091 sanctae
551 2044 636 2090 Dei
665 2043 907 2108 genitricis
931 2042 1095 2089 Mariae
1115 2042 1349 2105 sepultuS,
1372 2057 1467 2087 esse

4 2199 7 2222 ι
99 2190 149 2236 (1)
167 2190 237 2226 Sur
254 2189 305 2225 les
322 2202 497 2237 ouvrages
515 2189 561 2224 de
578 2189 744 2224 Richard
761 2188 806 2224 de
822 2189 1058 2231 Fourneaux,
1080 2199 1187 2234 voyez
1203 2186 1388 2222 l’Jlistoz‘re
1409 2186 1468 2221 lit-

59 2249 186 2284 te'raire
205 2249 250 2284 de
271 2250 432 2294 France,
454 2257 480 2285 t.
500 2250 573 2293 IX,
593 2263 630 2296 p.
654 2261 731 2297 ¹07·

103 2309 151 2354 (2)
169 2308 314 2345 Nicolas
332 2311 377 2344 de
394 2309 640 2353 Normandic,
662 2309 754 2343 abbe
771 2307 816 2342 ‹le
833 2307 1070 2343 Saint-Ouen
1087 2306 1132 2342 de
1149 2307 1279 2342 Rouen
1297 2305 1404 2353 (1036
1420 2318 1468 2340 ou

63 2369 214 2417 1042-27
229 2381 278 2404 ou
293 2370 337 2405 28
350 2370 484 2405 sevrier
506 2370 625 2417 1092).
644 2369 742 2404 C’est
758 2379 832 2402 une
845 2367 1015 2415 question
1029 2367 1103 2402 sort
1119 2367 1272 2402 obscure
1290 2366 1336 2401 de
1353 2366 1469 2401 savoir

59 2425 113 2460 s'il
134 2439 154 2461 a
178 2429 361 2474 gouverne
382 2428 416 2464 le
441 2429 646 2463 monastero
670 2426 833 2474 pendant
857 2426 1126 2473 cinquante-six
1151 2438 1234 2470 ans,
1260 2426 1468 2461 consorme'-

60 2492 159 2521 ment
179 2499 227 2521 au
250 2488 342 2522 recit
366 2487 412 2522 de
438 2495 544 2523 notre
570 2494 720 2529 auteur,
748 2498 796 2521 ou
819 2486 1016 2532 cinquante
1040 2497 1121 2530 ans,
1148 2497 1289 2520 comme
1308 2484 1341 2520 le
1360 2484 1416 2519 dit
1437 2484 1469 2518 lc

61 2545 315 2582 continuateur
334 2546 379 2582 de
396 2547 609 2583 Guillaunie
629 2546 674 2581 de
693 2546 893 2591 Jumieges.

7 2610 10 2655 ἶ
105 2603 155 2649 (3)
177 2605 278 2640 Nous
302 2618 460 2653 pensons
482 2619 554 2654 que
577 2608 611 2641 la
634 2607 783 2653 portion
811 2604 1114 2641 semi-circulaire
1137 2605 1182 2639 de
1206 2605 1385 2640 hatinient
1406 2603 1470 2650 qui

7 2663 11 2688 ⁴
62 2662 171 2698 existe
183 2671 285 2699 entre
298 2664 435 2712 l'eglise
453 2665 607 2700 actuclle
624 2672 660 2699 ct
677 2664 803 2699 l'liotcl
821 2664 865 2698 de
882 2663 914 2698 la
931 2665 1071 2708 mairie,
1092 2671 1147 2699 est
1165 2663 1314 2698 l'abside
1329 2669 1472 2708 septen-

8 2697 12 2815 ἓ
63 2721 214 2758 trionale
227 2725 272 2759 de
289 2732 345 2760 cet
360 2726 500 2761 edifice.
522 2725 582 2761 On
599 2726 666 2761 sait
682 2737 751 2772 quc
769 2725 863 2759 saint
876 2723 1001 2759 Pit-rrc
1017 2724 1104 2760 etait
1118 2723 1150 2758 lc
1168 2731 1299 2770 patron
1316 2720 1475 2769 primitis

64 2779 107 2816 de
125 2782 294 2819 l'abbavc,
