2085 3455
597 303 674 339 212
956 296 1197 335 HISTORIA
1230 295 1631 333 ECCLESIASTICA.
1865 298 2003 345 [1087]

597 404 695 435 uon
712 386 895 450 longius
910 384 1134 430 milliario
1151 400 1247 429 uno
1266 382 1324 428 ab
1344 383 1533 429 ecelesia
1551 384 1596 428 in
1615 383 1877 428 monticulo
1893 400 2005 446 quoa

595 463 704 510 dam
721 464 859 509 situm
880 473 964 519 est,
985 460 1198 515 audiunt,
1222 459 1430 524 undique
1450 460 1676 506 velociter
1690 471 1998 513 concurrunt,

599 541 704 587 irati
719 541 921 586 nimium
940 557 991 585 ae
1012 538 1260 583 tristissimi
1282 537 1338 582 ad
1358 538 1516 583 littora
1540 536 1756 592 tendunt,
1776 547 2003 600 raptoque

597 617 653 663 de
678 627 866 681 pastore
888 615 1176 679 dominoque
1200 614 1434 677 lugentes,
1460 614 1611 659 crines
1630 624 1677 659 et
1696 613 1864 658 barbas
1889 613 2007 659 evei-

602 697 727 751 lunt,
755 705 801 741 et
826 693 1174 740 conclamantes
1199 691 1399 756 lugubre
1425 709 1613 738 carmen
1639 691 1943 755 depromunt.

737 801 920 846 Tempore
937 798 1026 845 quid
1048 798 1208 838 miseris,
1229 797 1320 830 heu!
1342 796 1446 830 nobis
1466 797 1598 832 accidit
1615 798 1707 831 islo?

780 858 891 904 Quod
909 858 1032 904 patriae
1053 863 1183 890 nostrae
1199 856 1357 890 dedecus
1375 856 1594 902 aspicimus?

739 919 893 953 Munera
909 928 1065 963 namque
1086 916 1150 949 Dei
1163 943 1171 955 ,
1192 914 1325 948 multos
1345 922 1481 948 servata
1501 927 1563 960 per
1582 927 1713 955 aune-s7

783 979 863 1012 Jam
884 976 978 1011 sacili
999 982 1103 1022 rapto
1123 974 1351 1021 perdidimus
1370 974 1504 1008 subito.

740 1038 926 1072 Hactenus
944 1036 1014 1069 hoc
1032 1035 1151 1068 fuerat
1170 1034 1280 1078 Lyciae
1298 1033 1409 1067 ditata
1431 1045 1588 1079 superno

787 1096 979 1130 Thesauro
998 1093 1123 1135 tellus,
1144 1106 1183 1126 ae
1203 1093 1373 1126 decorata
1391 1093 1511 1127 nimis.

744 1155 926 1191 Laudibus
947 1153 1089 1188 eximiis
1110 1160 1226 1187 totum
1246 1152 1425 1186 celebrata
1444 1165 1508 1199 per
1526 1152 1650 1186 orbem
1664 1180 1671 1190 ,

790 1217 835 1250 Et
857 1215 998 1248 munita
1016 1213 1131 1259 patris
1150 1212 1371 1258 magnanimi
1394 1212 1544 1246 meritis¹

743 1275 871 1309 Infelix
893 1274 1036 1320 Myrea,
1059 1272 1132 1306 tuis
1151 1271 1303 1318 spoliata
1323 1271 1485 1305 manebis

788 1333 960 1369 Cultibus
978 1339 1014 1366 et
1032 1331 1157 1372 donis,
1180 1337 1379 1377 moestaque
1398 1342 1541 1376 semper
1559 1332 1642 1364 eris.

746 1395 779 1428 O
800 1392 948 1427 Nicolae
966 1398 1081 1438 pater,
1105 1397 1180 1424 toto
1199 1390 1415 1424 venerabilis
1432 1390 1519 1424 orbe
1531 1418 1539 1432 ‚,

792 1453 869 1488 Cur
886 1452 1041 1498 patriam
1062 1457 1221 1485 nostram
1243 1449 1396 1491 deseris,
1421 1451 1533 1484 immo
1554 1457 1649 1483 tuam
1663 1451 1676 1483 Ξ)

746 1512 817 1546 Hic
835 1512 979 1557 genitus
999 1510 1138 1551 fueras,
1160 1509 1364 1555 sanctisque
1383 1509 1596 1555 parentibus
1614 1509 1723 1551 altus7

792 1571 863 1606 Hic
882 1582 974 1617 puer
991 1568 1201 1614 etjuveniS‚
1223 1568 1367 1614 virque,
1389 1580 1568 1614 senexque
1587 1569 1679 1614 pius.

754 1632 820 1665 ilic
838 1637 940 1677 pater
957 1636 994 1664 et
1011 1628 1200 1669 dominus,
1222 1634 1356 1673 pastor,
1378 1634 1570 1674 custosque
1588 1628 1784 1673 benignus7

793 1691 980 1724 Hactenus
998 1688 1067 1722 liae
1086 1687 1201 1734 patria
1223 1686 1323 1719 vivus
1341 1692 1375 1719 et
1394 1686 1581 1720 exanimis.

753 1749 933 1795 Quaelibet
949 1749 1043 1782 hanc
1061 1748 1229 1781 miseram
1248 1746 1390 1792 quoties
1406 1745 1554 1780 adversa
1571 1746 1801 1792 premebant,

796 1809 984 1844 Auxilium
1006 1807 1111 1854 petiit
1130 1819 1231 1848 mox,
1254 1813 1355 1852 pater
1373 1805 1480 1847 alme,
1505 1812 1618 1839 tuum.

756 1869 878 1904 Rebus
898 1869 936 1902 in
955 1867 1112 1902 adversis
1129 1866 1255 1900 aderas
1268 1893 1277 1907 ,
1299 1876 1378 1910 spes
1395 1877 1467 1898 uua
1488 1864 1632 1907 salutis,

803 1928 995 1963 Munimen
1012 1927 1178 1961 tribuens
1198 1924 1422 1971 supplicibus
1443 1924 1599 1970 populis.

757 1987 925 2032 Quorum
946 1993 1033 2021 tnnc
1055 1984 1240 2031 precibus,
1264 1995 1390 2029 praeses
1409 1982 1629 2023 venerande,
1654 1982 1811 2024 favebas,

806 2047 977 2093 Votaque
996 2043 1213 2090 suscipiens,
1234 2054 1384 2089 quaeque
1405 2048 1530 2087 rogata
1549 2040 1670 2075 dabas.

759 2105 933 2153 Undique
951 2104 1148 2138 currebant
1164 2102 1304 2136 cunctis
1322 2114 1341 2135 e
1360 2101 1525 2148 partibus
1544 2101 1642 2135 orbis

805 2164 865 2199 Ad
882 2176 1024 2199 sacrum
1044 2161 1227 2197 tumulum
1248 2173 1337 2207 saepe
1357 2160 1597 2195 salutiferum.

764 2223 931 2266 Noverit,
952 2222 1044 2256 heu!
1068 2233 1220 2255 vacuum
1242 2219 1351 2253 simul
1369 2219 1437 2253 hac
1454 2218 1553 2266 quod
1570 2218 1677 2252 turba
1695 2217 1808 2252 fidelis
1821 2246 1828 2260 ,

809 2282 941 2318 Omnis
959 2282 1112 2317 cessabit
1127 2280 1266 2323 cultus,
1289 2287 1325 2314 ct
1343 2280 1462 2314 omnis
1481 2280 1613 2313 honor.

768 2344 917 2378 Munera
934 2343 1070 2390 quippe
1087 2341 1152 2375 Dei
1173 2340 1346 2383 deerunt,
1367 2347 1403 2373 ct
1422 2340 1535 2386 gratia
1553 2340 1668 2386 prima

812 2401 979 2436 Historiae
997 2400 1114 2435 solum
1132 2411 1264 2434 nomen
1283 2400 1353 2433 erit
1368 2399 1511 2433 veteris.

764 2462 902 2504 Pastor,
925 2472 1006 2495 oves
1023 2460 1187 2507 proprias
1207 2459 1263 2493 cui
1285 2471 1349 2493 nos
1366 2459 1566 2493 committis
1584 2457 1753 2492 alendas?

814 2522 868 2556 Te
884 2520 1072 2568 linquente
1092 2532 1240 2567 gregem
1261 2531 1342 2553 mox
1360 2519 1468 2565 lupus
1484 2517 1665 2552 adveniet.

771 2581 916 2624 Virtus,
940 2579 1098 2614 solamen
1123 2587 1308 2621 nostrum,
1331 2578 1439 2613 decus
1462 2589 1587 2621 omne,
1609 2578 1789 2619 levamen,

814 2641 873 2675 Tu
892 2651 971 2686 spes
990 2651 1079 2682 una,
1100 2638 1212 2682 salus,
1233 2650 1409 2685 causaque
1425 2637 1563 2671 laetiuae.

766 2701 829 2737 Vae
849 2699 953 2734 nobis
973 2699 1131 2734 miseris!
1153 2699 1228 2734 haec
1248 2698 1368 2733 omnia
1388 2696 1575 2744 perdimus
1592 2712 1598 2729 z
1616 2702 1651 2730 at
1670 2708 1735 2730 nos

816 2760 913 2795 Hinc
931 2759 1029 2793 subit
1048 2766 1082 2793 et
1102 2759 1238 2803 luctus,
1262 2764 1533 2806 perpetuusque
1551 2755 1667 2790 dolor.

770 2821 870 2854 Heu!
893 2819 951 2853 cui
972 2817 1040 2853 tale
1056 2819 1154 2853 ncsas
1174 2819 1241 2854 suit
1259 2818 1333 2853 haec
1353 2817 1524 2864 permissa
1544 2821 1699 2862 potestas
