2085 3455
548 321 626 360 54ss
916 318 1160 357 HISTORIA
1190 310 1595 355 ECCLESIASTICA.
1697 321 1826 367 [mmo
1850 320 1968 370 1098]

551 409 652 455 buli
670 409 822 455 vocati
843 418 953 454 sunt
977 408 1067 471 (ι).
1094 408 1216 453 Tota
1242 416 1386 452 nocte
1416 421 1502 469 per
1524 405 1724 470 abrupta
1745 407 1971 471 praecipi-

550 489 729 534 tiorum
768 486 1158 541 ambulaverunt,
1199 495 1245 530 et
1280 501 1390 530 cum
1422 484 1585 531 multis
1621 484 1874 531 comitibus
1915 485 1972 531 ad

549 567 749 613 Portum
779 565 938 611 Sancti
970 563 1204 610 Simeonis
1232 561 1436 625 pedites,
1465 561 1687 608 manibus
1710 573 1756 608 et
1778 562 1974 626 pedibus

549 642 821 699 excoriatis,
848 639 1160 687 devenerunt.
1189 639 1259 684 lbi
1284 639 1457 684 multas
1488 655 1630 685 naves
1663 650 1971 702 repererunt,

548 732 595 768 et
617 731 800 777 nautas,
826 720 872 765 in
897 729 1041 783 portu
1063 718 1355 773 vacillantes,
1376 716 1648 763 crudelibus
1670 718 1848 763 nuntiis
1874 728 1975 764 ter-

552 808 779 854 ruerunt,
802 796 1012 842 dicentes
1031 793 1160 858 quod
1178 813 1203 840 a
1221 795 1389 840 Turcis
1410 794 1664 841 Antiochia
1687 805 1820 858 capta
1840 805 1974 851 esset,

551 888 598 923 et
623 875 801 922 ibidem
827 872 1083 918 Christiani
1105 891 1128 918 a
1152 873 1346 936 paganis
1369 871 1507 919 deleti
1534 883 1703 919 essent.
1732 874 1815 919 His
1841 872 1978 919 audi-

555 956 635 1010 tis,
658 963 911 999 nautarum
935 951 1013 996 alii
1041 948 1261 997 anchoris
1293 949 1510 1013 abruptis
1535 967 1666 996 mare
1691 951 1789 1015 jam
1820 951 1978 997 sulca-

552 1033 694 1087 bant,
721 1041 768 1076 et
791 1028 980 1075 carbasa
1004 1028 1288 1091 crepitantes
1312 1028 1361 1073 in
1380 1044 1516 1073 auras
1535 1027 1873 1092 obliquabant3
1901 1028 1979 1074 alii

552 1110 834 1175 pigritantes
859 1105 1218 1153 dissimulabant
1232 1125 1245 1163 ;
1273 1121 1442 1151 omues
1466 1115 1625 1150 tamen
1651 1105 1698 1151 in
1728 1123 1981 1152 commune

554 1186 875 1234 turbabantur
915 1196 962 1231 et
1001 1182 1263 1248 pallebant.
1308 1183 1434 1229 Dum
1471 1183 1572 1230 haec
1610 1194 1834 1248 aguntur,
1874 1201 1981 1231 ecce

553 1267 696 1312 Turci
723 1264 899 1321 subito,
920 1264 1083 1310 littora
1109 1262 1430 1326 explorantes,
1452 1260 1696 1319 advolant,
1725 1262 1982 1326 imparatos

555 1355 601 1391 et
626 1344 873 1390 timoratos
903 1352 1064 1388 nautas
1094 1339 1360 1396 trucidant,
1399 1350 1522 1386 rates
1560 1340 1609 1386 in
1643 1351 1787 1403 portu
1819 1358 1983 1387 remo—

559 1433 713 1469 rantes
759 1421 994 1485 spoliant,
1040 1418 1229 1484 ignibus
1284 1418 1511 1482 appositis
1561 1430 1896 1476 concremant,
1938 1430 1985 1466 et

556 1500 810 1548 desidiosos
837 1498 1053 1545 homines
1076 1514 1166 1561 pro
1189 1507 1303 1543 voto
1327 1496 1605 1543 dilacerant.

619 1579 861 1641 Pugnaces
883 1576 1016 1621 urbis
1037 1575 1288 1621 muniones
1307 1574 1494 1638 pondus
1514 1575 1720 1621 Turcani
1747 1575 1859 1621 belli
1888 1585 1985 1622 tota

558 1657 633 1703 die
653 1656 937 1712 sustinuere,
957 1653 1209 1717 subitoque
1220 1653 1485 1716 sapientum
1502 1653 1700 1699 consilio
1717 1671 1911 1699 murum
1928 1653 1986 1700 de

560 1731 794 1797 lapidibus
807 1731 1034 1794 impolitis
1044 1741 1091 1776 et
1104 1730 1203 1776 sine
1214 1739 1447 1776 caemento
1462 1730 1588 1784 inter
1599 1730 1837 1775 civitatem
1849 1740 1895 1776 et
1906 1747 1987 1794 op—

561 1810 725 1875 pidum
740 1811 810 1873 (2)
824 1808 1134 1855 aedificavere.
1157 1808 1260 1871 Ipsa
1276 1807 1402 1854 enim
1420 1807 1621 1854 maceria
1637 1818 1982 1871 opportunum,

561 1887 1004 1943 utdesenderentse,
1020 1885 1300 1932 Christianis
1315 1885 1796 1949 praestititauxilium,
1812 1887 1990 1950 impor-

565 1978 734 2012 tunum
759 1975 917 2010 autem
939 1964 1106 2010 Turcis
1129 1962 1438 2027 impugnandi
1463 1964 1649 2026 peperit
1668 1962 1989 2027 impedimen-

564 2054 686 2088 tum.
727 2041 898 2088 Franci
936 2051 1031 2087 tota
1079 2039 1327 2086 sedulitate
1360 2051 1559 2103 propter
1593 2057 1786 2086 murum
1818 2041 1989 2086 armati

565 2119 866 2175 assistebant,
896 2135 985 2165 nec
1016 2136 1209 2175 somno,
1244 2135 1331 2165 nec
1361 2117 1653 2182 quibuslibet
1687 2118 1789 2164 aliis
1816 2136 1992 2164 curan-

564 2199 634 2246 dis
660 2197 989 2262 indulgebant.
1017 2197 1219 2243 Interim
1241 2196 1384 2242 fames
1408 2195 1696 2260 pedetentim
1723 2196 1988 2254 convaluit,

567 2289 614 2324 et
646 2276 884 2332 obsessos,
915 2285 969 2321 ut
990 2292 1136 2340 equos
1160 2285 1207 2321 et
1242 2274 1423 2332 asinOS,
1451 2284 1497 2320 et
1530 2273 1566 2320 si
1601 2272 1715 2338 quid
1740 2272 1866 2320 aliud
1897 2274 1992 2320 im—

569 2354 802 2401 mundum
825 2363 952 2410 erat,
980 2352 1293 2409 devorarent,
1330 2352 1577 2415 compulit.
1605 2352 1658 2397 In
1695 2361 1826 2397 tanta
1857 2365 1991 2416 eges-

571 2444 664 2479 tate
705 2430 864 2478 fideles
896 2431 1185 2478 invocabant
1218 2431 1504 2487 Dominum,
1543 2442 1590 2476 et
1624 2431 1719 2494 ipse
1753 2428 1992 2476 exaudivit

571 2528 665 2557 θος.

617 2667 667 2710 (1)
694 2665 801 2699 Cette
826 2663 917 2698 suite
944 2663 1011 2697 dut
1036 2664 1135 2697 avoir
1161 2663 1233 2697 lieu
1258 2662 1348 2697 (lans
1371 2663 1404 2696 la
1427 2663 1509 2697 nuit
1532 2662 1581 2695 du
1604 2662 1778 2696 vcndredi
1803 2676 1837 2696 τι
1866 2674 1911 2696 au
1935 2674 1990 2695 sa—

572 2725 670 2760 medi
693 2736 733 2758 12
748 2723 847 2769 juin.

617 2787 667 2831 (2)
692 2786 740 2819 La
765 2782 946 2818 citadelle.
975 2782 1128 2817 Suis-ant
1154 2783 1278 2817 pierre
1304 2781 1524 2825 Tudebode,
1553 2789 1648 2817 cette
1675 2782 1843 2817 muraille
1866 2795 1910 2817 ue
1936 2782 1991 2817 sut

573 2846 692 2880 elevee
710 2843 877 2891 qu'apres
896 2842 1102 2877 l'incendie.
