2085 3455
509 339 553 373 16
862 331 1100 369 HISTORIA
1131 331 1527 369 ECCLESIASTICA.

505 418 778 466 criminibus
817 418 1043 463 accusavit
1077 417 1197 480 apud
1244 433 1399 480 regem
1435 417 1705 462 Henricum.
1747 417 1892 462 Porro

507 496 670 555 abbas,
698 506 803 540 ante
829 509 984 557 regem
1015 494 1284 548 accersitu&
1314 493 1507 554 prolixis
1539 491 1797 538 rationibus
1826 493 1891 536 uti

507 574 680 628 noluit⁹
711 571 786 617 sed
817 571 1055 615 innocenti
1087 570 1368 615 conscientia
1396 579 1661 622 contentus,
1695 568 1892 613 abbatiae

506 650 795 696 dominatum
839 647 935 710 regi
981 647 1108 691 ultro
1143 646 1335 709 reliquit
1355 681 1365 699 ,
1407 657 1452 690 et
1487 656 1590 707 post
1638 645 1895 692 laboriosos

507 726 704 772 Marthae
719 724 980 778 famulatus,
1005 723 1233 785 optimam
1250 723 1408 767 Mariae
1423 733 1603 784 partem
1620 723 1740 767 intra
1755 739 1898 768 secre-

509 816 608 849 tum
626 802 986 848 Guentoniensis
1002 800 1187 845 claustri
1203 799 1405 861 repetiit.
1424 799 1651 861 Denique,
1668 798 1780 844 dum
1795 812 1900 862 post

508 880 696 944 aliquod
739 891 917 942 tempus
954 896 977 922 a
1014 875 1269 922 venerabili
1313 876 1510 921 Radulso
1548 875 1750 921 Roffensi
1800 878 1901 938 epi-

511 975 650 1021 scopo
678 961 743 1018 μ)
766 957 985 1001 invitatus
1007 954 1185 1009 suisset,
1209 964 1254 998 et
1279 954 1373 1016 ipse
1396 965 1566 1016 rogatu
1589 953 1903 1016 plurimorum

512 1035 725 1080 eumdem
742 1032 1012 1096 pontificem
1027 1049 1157 1077 causa
1171 1041 1339 1076 sanctae
1360 1030 1686 1076 collocutionis
1703 1029 1901 1085 adiisset,

516 1110 689 1156 ibidem
709 1119 903 1155 vocante
928 1108 1024 1154 Deo
1059 1109 1105 1153 in
1132 1109 1302 1153 lectum
1325 1106 1570 1164 decubuit3
1595 1118 1640 1153 et
1663 1109 1906 1170 completis

515 1187 734 1233 omnibus
769 1204 872 1250 quae
898 1202 1032 1230 servo
1065 1186 1148 1231 Dei
1189 1185 1278 1230 rite
1310 1195 1607 1246 competunt,
1640 1196 1907 1230 reverenter

517 1264 652 1310 obiit.

582 1341 810 1404 Rogerius
828 1357 941 1386 vero
954 1339 1010 1385 de
1023 1340 1272 1385 Guarenna
1290 1340 1451 1402 (quem
1467 1339 1644 1402 praesati
1664 1339 1911 1386 sacerdotis

518 1418 718 1463 diximus
742 1417 930 1463 hortatu
957 1427 1224 1463 correctum
1254 1416 1412 1471 fuisse,
1435 1426 1481 1461 et
1499 1416 1685 1461 Uticum
1706 1417 1833 1480 quasi
1857 1415 1912 1462 de

521 1495 719 1540 flammis
733 1493 947 1540 Sodomae
963 1511 1069 1539 cum
1083 1504 1283 1557 quatuor
1298 1494 1698 1540 commilitonibus
1712 1511 1800 1557 pro
1820 1512 1915 1539 mo-

523 1569 722 1615 nachatu
746 1570 1016 1631 accurrisse)
1040 1569 1136 1614 sere
1152 1585 1262 1615 XLVI
1289 1570 1420 1614 annis
1442 1568 1615 1615 ibidem
1636 1570 1776 1625 vixit,
1802 1571 1912 1615 etin

524 1647 691 1693 ordine
708 1646 909 1702 fervens,
930 1645 1205 1692 multimoda
1224 1645 1463 1692 honestate
1478 1647 1641 1709 viguit.
1659 1647 1775 1691 Erat
1791 1647 1915 1692 enim

527 1741 727 1787 corpore
762 1735 1004 1778 venustus,
1033 1723 1290 1787 habituque
1312 1724 1392 1769 vili
1430 1735 1595 1786 sponte
1618 1723 1835 1787 dejectus.
1862 1725 1914 1768 In

525 1802 655 1847 omni
696 1818 789 1847 esse
831 1818 913 1847 suo
958 1800 1215 1846 venerabili
1265 1799 1470 1863 pollebat
1509 1800 1758 1858 modestia,
1807 1818 1918 1847 voce

518 1878 648 1923 clara
678 1888 724 1922 et
749 1875 941 1923 facunda
974 1877 1176 1940 loquela.
1210 1875 1283 1921 Ad
1317 1875 1498 1922 labores
1528 1876 1794 1922 tolerandos
1823 1887 1922 1922 erat

527 1953 729 2010 validus,
756 1954 812 1999 ad
836 1954 1035 2017 psalmos
1060 1964 1105 1998 et
1126 1952 1321 2015 hymnos
1346 1953 1577 1999 canendos
1602 1953 1916 2007 voluntarius,

531 2032 576 2077 in
604 2031 955 2077 conversatione
982 2047 1093 2076 vero
1117 2048 1193 2075 sua
1220 2029 1636 2076 contubernalibus
1668 2029 1921 2075 tractabilis

529 2118 574 2152 et
593 2107 712 2153 bene
734 2107 1063 2170 morigeratus.
1084 2107 1137 2151 In
1158 2107 1283 2151 victu
1301 2104 1389 2151 sibi
1406 2123 1593 2168 parcus,
1622 2106 1812 2169 aliisque
1837 2106 1923 2150 lar-

530 2201 636 2248 gus,
665 2186 712 2229 in
738 2184 904 2247 vigiliis
927 2200 1109 2246 semper
1131 2194 1400 2246 promptus,
1430 2195 1476 2229 et
1501 2182 1830 2229 inedicibiliter
1854 2199 1924 2228 so-

532 2261 676 2307 brius.
719 2259 825 2307 Non
856 2262 973 2306 fastu
998 2261 1196 2306 carnalis
1229 2260 1484 2307 nobilitatis
1529 2260 1723 2316 tumuit,
1761 2259 1837 2306 sed
1879 2261 1923 2305 in

533 2339 795 2385 humilitate
826 2340 1078 2384 consistens
1103 2339 1278 2402 regulae
1303 2337 1569 2395 succubuit,
1601 2349 1647 2383 et
1670 2338 1778 2384 vilia
1800 2355 1926 2401 quae·

583 2526 631 2569 (1)
646 2524 760 2558 Raoul
772 2552 780 2567 ‚
802 2524 853 2558 fils
868 2524 912 2559 de
928 2524 1046 2559 Siffroi
1062 2516 1231 2559 d'sscures
1245 2525 1256 2569 (
1269 2526 1348 2571 pres
1361 2524 1816 2569 Saint-Pierrc-sur-Dive)
1827 2552 1835 2566 ,
1858 2525 1929 2570 prit

537 2581 665 2615 l’habit
684 2581 909 2627 monastique
928 2583 946 2614 a
962 2581 1213 2616 Saint-Nlartin
1234 2581 1277 2615 de
1295 2581 1392 2623 δέω-7.,
1404 2587 1440 2614 et
1455 2593 1499 2614 en
1519 2580 1641 2614 ‹levint
1657 2580 1747 2614 abbe
1764 2593 1808 2614 en
1831 2581 1928 2627 1089.

539 2642 652 2675 Force'
670 2640 714 2675 de
740 2641 946 2687 s'expatricr
965 2653 1056 2687 pour
1075 2640 1253 2687 e'cliapper
1270 2643 1287 2674 ἐι
1315 2640 1346 2674 la
1374 2640 1538 2685 tyrannio
1561 2639 1605 2673 de
1626 2639 1761 2674 Robert
1780 2640 1824 2674 de
1850 2640 1928 2675 Bel-

540 2700 653 2742 leme,
688 2699 712 2733 il
746 2712 782 2734 se
806 2701 914 2734 retira
945 2712 987 2734 en
1020 2700 1233 2747 Angleterre
1262 2713 1306 2734 cn
1337 2698 1440 2741 1105,
1468 2699 1523 2732 fut
1550 2701 1695 2733 nonime
1719 2700 1852 2747 eivequc
1885 2700 1929 2734 de

1169 2764 1173 2769 ⁷
1211 2763 1214 2770 v
1250 2763 1255 2770 η

543 2818 586 2853 26
603 2818 687 2853 avril
713 2823 807 2861 1114,
