2033 3445
198 291 367 340 [mmo-J
375 302 461 327 uuo
475 291 492 326 1
500 289 595 337 099]
718 288 874 327 LIBER
902 289 1081 328 NONUS.
1528 295 1609 332 603

200 392 312 438 ergo
328 373 1150 440 censetisPAggrediamuraliqaid,
1170 378 1304 441 quod
1315 378 1450 426 nobis
1461 383 1611 426 omni-

200 452 286 499 bus
299 454 476 517 prosit,
499 452 634 516 quod
647 452 844 499 inclusis
861 453 1041 500 civibus
1060 453 1200 501 obsit.
1221 456 1611 519 Ligneasfacere

198 529 448 576 machinas
475 540 782 593 satagamus,
812 530 984 593 quibus
1011 535 1186 577 moenz'a
1220 533 1298 579 vel
1328 544 1479 580 turres
1512 536 1609 580 im-

193 624 482 671 pugnemus.
520 607 683 671 Tigna
716 607 777 653 de
805 607 1049 666 domibus,
1083 611 1195 672 quia
1229 621 1353 656 terra
1382 611 1486 657 lzoec
1515 629 1608 657 non

196 696 265 730 est
302 683 594 748 arborffera,
643 676 914 748 quaeramus
931 723 945 742 ,
986 686 1066 732 vel
1105 686 1262 733 trabes
1302 687 1359 733 de
1400 688 1609 735 ecclesiis

197 762 547 828 absportemus,
580 762 925 827 machinasque
959 774 1239 829 compactas
1271 766 1533 826 erigamus,
1567 777 1611 812 et

194 839 320 885 lianc
343 839 505 886 urbem
526 843 631 886 totis
654 840 1002 904 aggrediamur
1019 841 1218 887 nisibus.
1241 840 1472 906 Alioquin
1497 852 1610 887 tem-
1632 903 1637 909 ι

189 934 282 980 pus
306 935 549 964 incassum
575 935 914 964 consumimus.

259 995 470 1041 Tandem
495 994 652 1042 fideles
672 996 859 1041 athletae
879 995 1024 1059 ligna,
1049 995 1217 1058 procul
1241 1014 1264 1040 a
1293 996 1399 1042 loco
1422 996 1606 1042 distan-

196 1073 256 1118 tia
273 1074 356 1135 (1),
377 1073 681 1129 invenerunt,
706 1090 812 1137 quae
833 1090 939 1119 cum
961 1072 1126 1137 grandi
1148 1072 1311 1119 labore
1330 1074 1605 1119 attulerunt.

195 1149 412 1196 Artifices
436 1151 623 1214 lignarii
644 1149 701 1196 de
721 1161 825 1197 toto
849 1150 1058 1197 exercitu
1080 1151 1213 1196 acciti
1238 1161 1372 1207 sunt,
1400 1168 1606 1215 quorum

193 1227 266 1272 alii
303 1227 547 1291 lignorum
584 1229 918 1275 inconcinnam
950 1228 1245 1290 superficiem
1279 1239 1604 1291 componunt,

193 1305 268 1349 alii
302 1304 487 1361 dolant,
519 1306 595 1350 alii
629 1305 898 1362 terebrant,
927 1306 1003 1350 alii
1039 1305 1178 1369 lignis
1204 1306 1331 1369 ligna
1361 1306 1602 1369 copulant.

193 1382 299 1428 Dux
323 1382 611 1429 Godefredus
635 1400 778 1428 unam
808 1382 866 1430 de
900 1382 991 1429 suis
1018 1382 1317 1429 facultatibus
1349 1383 1607 1429 constitue·-

193 1460 297 1517 bat,
323 1460 521 1506 alteram
541 1477 695 1506 comes
714 1461 975 1507 Tolosanus
996 1460 1053 1507 de
1073 1461 1162 1506 suis
1183 1460 1447 1523 sumptibus
1466 1461 1605 1506 statui

192 1538 512 1584 mandaverat.
551 1538 648 1584 Nec
682 1539 838 1584 minus
873 1538 1077 1600 Agareni
1109 1538 1166 1583 de
1200 1537 1318 1584 urbe
1348 1536 1605 1583 munienda

192 1618 583 1665 sollicitabantur.
612 1617 761 1664 Nocte
786 1617 998 1663 turribus
1026 1616 1275 1663 inaltandis
1301 1616 1603 1673 insistebant,

191 1706 238 1742 et
261 1695 367 1741 urbi
394 1694 688 1741 defensandae
716 1694 959 1758 irrequieti
983 1693 1230 1740 vacabant.

257 1771 468 1832 Quodam
489 1771 683 1818 sabbato
703 1774 718 1821 (
730 1773 795 1834 2),
822 1782 959 1818 nocte
979 1772 1253 1834 intempesta
1267 1807 1280 1827 ,
1302 1771 1432 1817 ducis
1453 1770 1606 1818 Gode-

192 1851 299 1896 sridi
321 1849 589 1896 machinam
604 1849 967 1905 transtulerunt,
987 1859 1032 1894 et
1047 1849 1144 1895 sole
1164 1859 1331 1895 exorto
1345 1847 1404 1894 ab
1423 1849 1608 1895 oriente

193 1937 472 1983 erexerunt,
499 1937 546 1972 et
567 1943 651 1990 per
679 1937 769 1972 tres
794 1925 890 1972 dies
914 1936 1010 1972 tota
1035 1924 1280 1971 sedulitate
1304 1941 1606 1988 praeparave-

193 2014 309 2050 runt
336 2015 382 2050 et
409 2015 764 2067 coaptaverunt.
802 2004 968 2050 Comes
997 2014 1153 2049 autem
1185 2020 1209 2048 a
1245 2001 1442 2048 meridie
1476 2019 1606 2048 suam

193 2098 542 2145 propemurum
552 2080 1221 2144 conduxitmachinam‚quam
1231 2079 1439 2143 ligneum
1452 2095 1607 2142 possu-

193 2177 296 2205 mus
306 2159 512 2206 vocitare
525 2170 746 2206 castrum.
759 2158 1005 2220 Quoddam
1019 2174 1134 2205 vero
1144 2156 1434 2221 profundum
1448 2157 1606 2220 praecia

192 2237 362 2299 pitium
388 2235 671 2300 impediebat
691 2254 750 2284 ne
768 2253 908 2284 muro
924 2236 1312 2300 conjungeretur.
1335 2234 1459 2280 Talis
1476 2235 1604 2281 enim

235 2395 286 2439 (1)
303 2394 454 2429 Suivant
471 2395 521 2428 M.
542 2394 736 2437 Michaud,
758 2407 814 2429 ces
833 2394 912 2429 bois
927 2394 1055 2428 furent
1074 2395 1162 2428 tires
1184 2394 1246 2428 des
1271 2393 1471 2427 territoires
1488 2392 1603 2427 sores-

194 2454 280 2488 tiers
295 2453 340 2488 de
359 2454 520 2488 Saniaric
537 2461 573 2488 ct
590 2453 635 2487 (16
653 2454 819 2489 Gabaon.
840 2454 980 2489 Gaston
992 2482 1000 2497 ,
1021 2455 1177 2489 vicomte
1195 2454 1240 2488 (16
1259 2454 1393 2496 Betim,
1414 2453 1488 2487 tres
1505 2453 1606 2486 verse

194 2512 282 2545 (lans
299 2512 333 2546 la
350 2513 600 2547 construction
618 2513 680 2547 des
702 2514 888 2548 machinos
910 2513 954 2547 (16
979 2525 1127 2554 guerre,
1147 2520 1211 2548 cut
1233 2512 1265 2546 la
1290 2512 1471 2546 direction
1495 2511 1539 2545 de
1565 2523 1604 2544 66

195 2584 305 2617 genre
325 2571 370 2605 (16
393 2579 555 2606 travaux.
581 2573 628 2607 Le
649 2572 720 2607 duc
745 2573 790 2608 (16
814 2572 1038 2607 Normaudie
1065 2572 1121 2606 sut
1144 2572 1219 2606 l'un
1243 2571 1305 2606 des
1328 2571 1428 2605 chess
1451 2570 1604 2615 charges

193 2631 389 2665 ‹l’escorter
405 2631 439 2666 le
457 2632 598 2667 convoi.
623 2633 766 2679 Yoyer„
787 2632 876 2666 dans
901 2631 933 2665 16
962 2632 1061 2666 Belli
1084 2633 1191 2666 Sacri
1208 2631 1370 2665 Historia
1396 2636 1432 2662 ct
1459 2628 1546 2662 dans
1570 2626 1604 2661 16

200 2692 313 2725 Gesla
332 2691 533 2731 Tam-redi.
554 2692 603 2725 los
617 2693 880 2726 circonstanccs
896 2692 967 2725 tri-s
984 2704 1052 2737 peu
1066 2692 1256 2737 poetiquvs
1269 2690 1330 2736 qui
1350 2688 1598 2735 procuri—rent,

195 2750 408 2791 disent-ils,
431 2754 449 2784 ἐι
483 2752 673 2785 ἹΪῑιιιςνὺὰυ
694 2751 723 2785 la
757 2751 973 2786 ‹lecouxcrtc
1007 2750 1051 2784 (16
1085 2758 1231 2797 ponti&
1265 2755 1380 2783 tontes
1413 2746 1602 2793 preparccs

196 2810 361 2845 ‹l’avance
379 2823 470 2856 pour
488 2811 519 2845 la
540 2813 787 2846 construction
807 2811 869 2846 (les
891 2811 1086 2846 machinos,

243 2870 289 2914 (a)
313 2871 358 2905 Le
380 2870 514 2905 samedi
532 2871 698 2917 9juillct,
