2033 3445
124 270 264 320 [1133]
624 267 776 305 LIBER
803 266 1012 305 SEXTUS.
1444 271 1513 305 121

124 355 272 400 mines
297 353 435 399 etiam
459 351 730 406 submersit,
759 352 1110 415 innumerisque
1136 351 1348 397 fidelibus
1373 352 1523 398 eecle—

123 431 294 477 siarum
318 429 536 475 introitus
559 429 658 492 ipso
680 428 755 474 die
776 428 962 491 penitus
983 427 1245 493 denegavit.
1273 427 1371 474 Sub
1395 439 1521 475 tanta

126 507 242 553 aeris
262 503 537 568 intemperie
555 505 772 568 praefatus
790 504 1058 551 Goissredus
1077 505 1298 560 surrexit,
1321 505 1521 550 nivium-

124 599 212 647 que
246 582 532 628 nimietatem
562 582 848 644 postposuit,
878 583 1141 645 jumentum
1167 580 1366 645 panibus
1390 581 1523 626 simi-

124 659 311 723 lagineis
337 659 406 721 (1)
438 658 677 715 oneravit,
712 669 758 704 et
786 658 937 704 filium
971 676 1104 704 suum
1137 675 1290 705 secum
1324 657 1521 715 ducem,

123 734 178 781 ad
204 734 546 782 solemnitatem
577 736 722 780 sancti
753 735 899 797 patris
928 734 1114 781 Ebrulfi
1146 735 1399 781 festinavit.
1435 734 1523 794 Qui

123 830 228 860 cum
247 812 302 858 ad
321 812 569 877 quamdam
589 809 776 877 aquam‘,
799 814 990 859 nomine
1014 814 1216 860 Riselam
1241 815 1331 876 (2),
1353 830 1525 877 perve-

123 891 287 948 nisset,
322 906 407 937 nec
434 906 561 949 eam,
594 891 702 954 quia
732 907 852 954 pons
881 890 945 936 ibi
974 891 1129 937 nullus
1158 902 1283 946 erat,
1318 902 1365 937 et
1392 908 1524 955 aquae

124 970 461 1025 intumuerant,
488 967 776 1015 transvadari
795 969 1044 1032 potuisset,
1067 970 1238 1016 timore
1255 980 1301 1015 et
1321 979 1526 1015 tremore

121 1046 300 1102 anxius,
321 1046 377 1092 ad
398 1046 678 1093 clementem
702 1046 960 1092 Dominum
988 1047 1260 1110 suspiravit,
1289 1064 1340 1092 ac
1364 1056 1417 1091 ut
1439 1044 1524 1090 sihi

121 1124 454 1188 suffragaretur
483 1124 712 1170 exoravit.
741 1124 826 1170 Pio
854 1124 1009 1187 itaque
1038 1124 1239 1188 flagrans
1268 1122 1521 1180 desiderio,

120 1199 327 1247 divinam
351 1218 490 1264 opem
511 1201 728 1264 protinus
751 1202 1003 1263 persensit,
1030 1212 1076 1246 et
1098 1202 1222 1246 ultra
1247 1201 1398 1264 ripam
1422 1200 1524 1245 abs-

120 1293 211 1340 que
230 1276 403 1322 visibili
421 1276 617 1323 ductore
635 1294 681 1323 se
699 1276 853 1322 solum
868 1277 1072 1333 invenit;
1096 1276 1244 1322 filium
1261 1292 1375 1323 vero
1390 1293 1523 1321 suum

122 1372 228 1400 cum
257 1354 475 1418 jumento
499 1364 546 1400 et
573 1354 753 1400 sarcina
778 1353 1050 1400 remansisse
1074 1354 1120 1399 in
1146 1354 1290 1399 altera
1316 1353 1415 1416 ripa
1441 1370 1524 1399 co-

121 1431 302 1494 gnovit.
335 1430 513 1476 Deinde
537 1430 658 1476 filius
682 1431 777 1493 ejus
803 1430 911 1494 (qui
933 1431 1126 1476 forsitan
1153 1429 1395 1493 inaequalis
1418 1428 1523 1475 fidei

121 1518 167 1554 et
202 1508 358 1554 meriti
395 1510 519 1571 erat)
554 1507 746 1571 pavidus
784 1524 928 1571 usque
960 1506 1016 1552 ad
1045 1506 1323 1554 umbilicum
1355 1524 1523 1570 aquam

120 1584 335 1639 intravit,
357 1586 626 1646 jumentum
648 1582 846 1647 panibus
865 1594 1087 1630 onustum
1110 1601 1265 1630 secum
1287 1584 1452 1641 traxit,
1479 1595 1525 1630 et

118 1661 227 1708 licet
249 1660 497 1707 difficulter
523 1661 674 1708 salvus
693 1662 823 1708 exiit.
844 1662 982 1707 Panis
1004 1661 1257 1726 siquidem,
1281 1663 1360 1726 qui
1381 1662 1524 1708 servis

118 1738 199 1784 Dei
232 1737 544 1794 deserebatur,
584 1739 630 1784 in
667 1740 799 1803 aquis
828 1740 940 1797 suit3
979 1739 1058 1785 sed
1086 1740 1216 1804 aquis
1249 1740 1447 1786 intactus
1477 1751 1523 1786 et

121 1813 460 1861 inhumectatus
495 1816 683 1861 mansit.
718 1815 916 1862 Idoneus
948 1816 1104 1880 itaque
1133 1817 1265 1880 panis
1293 1815 1349 1862 ad
1387 1834 1521 1862 usum

116 1891 397 1939 famulorum
414 1891 586 1938 Christi
607 1893 794 1939 coelitus
811 1904 1019 1939 servatus
1038 1904 1123 1952 est,
1144 1895 1363 1958 miroque
1378 1893 1522 1941 modo

117 1967 258 2014 siccus
290 1967 347 2014 de
381 1967 545 2014 mediis
578 1967 717 2015 undis
751 1979 985 2015 extractus
1021 1980 1105 2015 est.
1144 1970 1357 2034 Denique
1387 1980 1522 2033 pater

118 2062 222 2092 cum
246 2046 382 2109 prole
409 2046 464 2091 ad
489 2045 771 2092 destinatum
799 2047 957 2094 locum
985 2048 1230 2110 pervenit,
1262 2049 1447 2094 viarum
1474 2059 1520 2095 et

116 2138 341 2186 aquarum
358 2123 565 2186 pericula
589 2123 791 2188 qualiter
810 2125 1007 2171 evaserit
1029 2125 1233 2189 gaudens
1252 2128 1516 2182 enarravit,

115 2201 385 2265 meritisque
407 2204 551 2248 sancti
579 2202 724 2264 patris
745 2201 934 2247 Ebrulfi
960 2203 1114 2267 (cujus
1138 2203 1304 2249 festum
1327 2214 1519 2267 expete-

115 2275 219 2339 bat)
241 2276 499 2340 deputavit.
528 2278 690 2335 Multi,
719 2280 798 2342 qui
827 2289 939 2326 tunc
957 2278 1015 2325 ad
1037 2280 1264 2327 solemnia
1289 2297 1518 2327 convene-

158 2461 207 2505 (1)
233 2461 284 2495 De
308 2462 399 2496 sseur
425 2461 469 2496 de
493 2461 608 2496 farine
632 2461 677 2496 de
700 2461 871 2497 frement.
896 2463 965 2498 Des
991 2464 1092 2511 pains
1117 2465 1161 2498 de
1184 2477 1224 2499 ce
1247 2477 1358 2511 genre
1381 2467 1515 2501 etaient

114 2519 206 2555 alors
223 2533 273 2554 un
294 2521 408 2567 grand
427 2521 521 2556 luxe.
542 2521 727 2556 Plusieurs
744 2522 868 2556 siecles
885 2524 1006 2569 apres,
1033 2524 1066 2558 la
1083 2525 1199 2559 sat-ine
1217 2526 1279 2572 qui
1299 2526 1429 2560 ser-:ait
1446 2529 1463 2560 a
1482 2526 1513 2560 la

114 2577 324 2613 sabi-ication
338 2579 388 2613 du
404 2580 488 2625 pain
504 2582 591 2614 etait
608 2591 738 2614 encore
753 2580 903 2624 tiercee‚
922 2581 1140 2617 c'est-a-dire
1156 2583 1308 2618 extraite
1325 2583 1411 2618 d'un
1428 2585 1515 2619 tici-s

115 2635 158 2670 de
178 2636 352 2681 frement,
373 2651 423 2672 un
439 2639 526 2673 tiers
543 2639 588 2673 de
606 2638 716 2685 seigle
734 2651 782 2673 ou
799 2639 940 2686 «Perge,
961 2648 996 2675 et
1015 2654 1065 2676 un
1086 2643 1172 2676 tiers
1190 2642 1364 2677 d'avoine.

160 2696 210 2739 (2)
229 2697 274 2730 La
293 2697 403 2732 Rislc.
423 2698 451 2732 ΙΙ
470 2706 523 2732 est
543 2698 714 2744 probablc
732 2711 802 2746 que
820 2700 982 2734 Geoffroi
1003 2708 1157 2735 traversa
1176 2709 1268 2736 cette
1287 2703 1416 2736 rivii‘re
1437 2713 1513 2735 ver<

116 2754 375 2791 saint-Hilairc
394 2770 438 2791 ou
460 2758 797 2799 Sainte-Colombc,
823 2771 914 2804 pour
934 2772 1068 2805 gagner
1088 2761 1131 2794 do
1151 2760 1181 2794 151
1202 2753 1419 2795 lichaufour.
