2085 3455
594 294 644 331 94
953 294 1195 335 HISTORIA
1225 292 1623 332 ECCLESIASTICA.
1883 293 1993 344 [944]

593 397 732 426 suum
760 391 926 426 contra
949 398 1000 427 se
1020 382 1283 446 persuasit.
1312 379 1590 424 Admodum
1617 380 1779 436 miror,
1807 379 1997 425 domine

595 457 661 502 mi
682 474 790 514 rex,
821 458 952 520 quod
970 459 1320 523 paeteritorum
1343 457 1482 501 nimis
1507 458 1749 502 immemor
1774 475 1835 503 es.
1866 456 1995 503 Satis

594 535 812 581 omnibus
834 535 919 581 sub
940 536 1054 582 eoelo
1068 536 1229 599 patuit
1255 534 1433 597 (neque
1454 535 1579 579 enim
1603 532 1996 596 tantumfaeinus

594 615 642 657 in
660 611 825 658 abdito
838 616 1108 677 perpetrari
1117 612 1297 676 potuit)
1322 610 1453 675 quod
1471 611 1721 668 Robertus,
1739 621 1878 675 pater
1893 612 1999 657 Hu-

590 690 734 753 gom's
762 689 781 751 ζ
790 688 857 752 1),
889 690 1095 736 traditor
1109 687 1242 751 fuit,
1276 700 1318 734 et
1356 699 1521 734 eontra
1554 688 1781 734 Carolum
1806 699 1999 753 patrem

595 776 726 811 tuum
751 765 1013 823 rebellavit,
1042 777 1272 830 raptoque
1295 764 1571 811 diademate
1590 765 1812 830 perjurus
1834 776 1999 810 contra

594 843 841 889 dominum
867 861 1005 889 suum
1027 848 1287 908 pugnavit,
1323 853 1365 887 et
1395 842 1444 886 in
1468 841 1592 886 bello
1614 858 1871 905 percussus
1902 858 2001 887 me-

597 921 682 965 rito
697 921 857 984 periit.
881 921 973 966 His
991 920 1312 966 molitionibus
1332 922 1381 964 H
1384 935 1478 982 ugo
1498 916 1724 981 interficit,
1748 928 1791 963 et
1810 929 1852 963 te
1869 921 2005 982 apud

594 995 918 1041 Edelstanum
941 1012 1098 1059 regem
1125 995 1412 1042 avunculum
1436 1005 1566 1040 tuum
1591 997 1640 1039 in
1663 993 1851 1057 Anglia
1875 1010 2002 1039 exu-

598 1072 744 1129 lante‚
758 1083 939 1136 septem
956 1077 1094 1118 annis
1114 1073 1332 1118 Galliam
1347 1072 1531 1118 turbavi
1535 1073 1580 1134 t(
1586 1072 1650 1134 2)
1666 1072 1923 1135 Numquid
1931 1072 2001 1135 (3)

599 1149 704 1195 luce
734 1149 915 1195 elarius
948 1151 1079 1194 omni
1104 1161 1294 1195 sensato
1326 1152 1534 1215 patescit
1567 1149 1699 1213 quod
1727 1150 1873 1212 regite
1896 1167 2004 1195 ma-

588 1227 782 1290 jestatis
818 1243 924 1272 reus
958 1227 1145 1283 existit,
1182 1229 1266 1289 qui
1303 1229 1406 1288 regi
1436 1226 1673 1272 malitiose
1708 1227 1922 1290 suggerit
1957 1237 2006 1271 ut

591 1305 804 1370 propriis
828 1303 964 1350 rebus
990 1303 1248 1367 spoliatus,
1277 1303 1541 1350 dominium
1568 1322 1703 1349 suum
1727 1305 2000 1361 imminuat,

598 1394 641 1427 et
680 1383 864 1428 inimici
897 1385 972 1427 sui
1008 1383 1134 1427 vires
1173 1380 1354 1427 sibimet
1382 1382 1682 1443 perniciosas
1723 1380 2005 1444 adaugeat?

598 1460 739 1506 Absit
762 1470 812 1506 ut
835 1462 883 1505 in
907 1460 1090 1506 ducatu
1113 1459 1164 1505 Ν
1168 1460 1429 1506 ormarmice
1455 1459 1674 1522 quislibet
1696 1461 2006 1524 participium

598 1541 790 1603 capiat,
819 1536 907 1583 sed
927 1536 1058 1582 solus
1085 1553 1171 1581 rex
1198 1537 1501 1582 Francorum
1526 1536 1743 1583 omnibus
1765 1537 2006 1584 Norman—

599 1617 674 1661 nis
698 1616 789 1662 sibi
809 1614 1113 1679 gratulanter
1116 1612 1404 1677 faventibus
1420 1615 1717 1679 prcesideat!

663 1692 745 1738 His
782 1692 974 1748 auditis,
1010 1708 1092 1737 rex
1132 1692 1296 1737 anxius
1326 1693 1471 1738 sactus
1506 1703 1572 1739 est
1604 1691 1661 1738 de
1692 1691 1846 1749 dono,
1880 1692 2007 1756 quod

600 1772 788 1835 Hugoni
816 1786 912 1816 non
947 1770 1133 1833 roganti
1166 1780 1332 1833 sponte
1359 1787 1436 1815 sua
1467 1770 1660 1834 largitus
1688 1780 1756 1815 est
1767 1787 1780 1826 ;
1809 1786 2008 1834 cumque

602 1849 853 1896 consilium
880 1858 1117 1911 quaereret
1151 1846 1264 1911 quid
1303 1846 1411 1893 inde
1443 1864 1580 1911 agere
1608 1846 1825 1902 deberet,
1858 1847 2009 1893 versi—

600 1926 735 1990 pellis
774 1926 931 1971 Danus
967 1935 1162 1988 repente
1204 1924 1452 1987 persuadet
1488 1935 1540 1970 ut
1583 1925 1740 1971 omnia
1782 1925 2007 1988 promissa

600 2003 877 2068 denegando
907 2003 1092 2066 penitus
1123 2002 1258 2047 irrita
1290 2003 1485 2057 faceret,
1519 2002 1812 2067 imperioque
1837 2001 2008 2048 minaci

600 2082 851 2145 Hugonem
876 2079 934 2126 ab
957 2079 1202 2126 obsidione
1221 2078 1499 2126 Oximorum
1524 2079 1654 2126 abire
1676 2079 2006 2142 compelleret,

601 2170 649 2204 et
681 2159 716 2205 si
751 2168 990 2221 praecepto
1023 2156 1173 2203 adhuc
1207 2156 1395 2203 rebellis
1426 2158 1718 2221 persisteret,
1748 2158 2011 2204 communis

602 2236 819 2281 omnium
837 2235 986 2280 virtus
1008 2232 1137 2280 bello
1158 2233 1333 2280 ibidem
1354 2234 1488 2280 illum
1507 2235 1771 2298 impeteret.
1799 2232 1872 2279 Ad
1891 2233 2010 2279 hanc

649 2427 699 2472 (1)
725 2425 883 2467 Robert‚
912 2424 1100 2458 deuxieme
1118 2424 1168 2458 du
1192 2437 1275 2459 nom
1288 2453 1296 2466 ,
1318 2425 1390 2459 duc
1407 2425 1452 2460 de
1472 2427 1608 2460 Franee
1624 2454 1632 2468 ‚
1661 2425 1714 2459 fils
1732 2426 1777 2460 de
1802 2426 2011 2462 Robert-le-

606 2487 714 2529 Fort‚
736 2485 790 2519 roi
809 2484 853 2519 de
873 2484 1010 2519 France
1029 2484 1190 2530 (29juin
1206 2485 1337 2531 922-15
1351 2485 1434 2530 juin
1451 2483 1552 2531 923).

653 2548 705 2590 (2)
724 2546 831 2579 Louis
848 2544 1121 2585 &outre-Mer,
1144 2545 1189 2579 ne
1214 2556 1259 2578 en
1276 2556 1344 2592 920
1358 2572 1367 2585 ,
1389 2544 1505 2579 resida
1526 2546 1608 2591 pres
1627 2545 1672 2579 de
1698 2557 1761 2579 son
1781 2544 1883 2579 oncle
1903 2544 2012 2579 Adel-

605 2611 686 2639 stan
703 2605 854 2638 environ
873 2604 982 2638 treize
999 2615 1061 2637 ans
1080 2603 1230 2649 (depuis
1249 2603 1281 2637 la
1297 2604 1467 2651 captivite
1485 2604 1535 2638 du
1552 2605 1604 2639 roi
1627 2604 1778 2639 Charles
1790 2633 1798 2648 ‚
1817 2617 1880 2639 son
1900 2605 2002 2650 pere.

608 2675 654 2698 en
671 2662 915 2710 9⁴23jusqu’en
930 2661 1011 2709 936,
1024 2664 1165 2710 epoque
1177 2663 1222 2697 de
1241 2675 1304 2697 son
1322 2664 1656 2711 cou1—011nemc·nt(h
1672 2663 1780 2707 Laon,
1791 2663 1824 2697 le
1844 2663 2007 2710 19juin3.

610 2722 724 2756 Notre
743 2727 872 2756 auteur
890 2722 1008 2756 aurait
1026 2721 1120 2755 donc
1139 2735 1187 2768 pu
1206 2722 1324 2768 parler
1343 2722 1387 2756 de
1406 2722 1516 2756 treize
1536 2735 1598 2757 ans
1615 2735 1659 2756 au
1677 2722 1749 2757 lieu
1768 2722 1812 2756 de
1828 2729 1917 2768 sept.

656 2780 705 2825 (3)
723 2781 823 2816 Nous
842 2793 998 2827 pensons
1016 2781 1123 2827 qu'au
1146 2781 1214 2815 lieu
1234 2781 1278 2816 de
1297 2795 1336 2816 ce
1357 2788 1449 2818 ino't,
1475 2795 1520 2815 on
1540 2782 1616 2816 ‹loit
1635 2782 1700 2815 lire
1719 2781 1761 2815 ici
1780 2798 1785 2814 τ
1808 2782 1951 2816 Nomia.
