2033 3445
576 347 728 386 LIBER
758 345 1025 384 SEPTIMUS.
1428 350 1507 388 205

98 434 485 497 metropolitanas
513 433 663 490 sedes,
696 444 742 479 et
773 432 1080 496 episcopales,
1114 432 1371 479 secundum
1396 436 1508 481 scita

96 529 334 560 canonum
368 511 653 567 construxit,
687 509 1061 573 monachosque,
1094 510 1174 573 qui
1206 510 1337 572 prius
1372 511 1507 558 invisi

95 601 140 637 et
179 589 407 652 incogniti
448 588 590 634 Danis
631 598 767 634 erant
785 624 796 643 ,
844 588 1084 645 accersiit,
1129 598 1175 633 et
1221 599 1507 651 opportunae

94 666 396 713 habitationis
421 666 579 712 locum
608 666 655 711 in
689 682 838 729 regno
869 682 953 711 suo
986 664 1249 711 liberaliter
1281 666 1344 711 eis
1375 665 1504 712 dele-

93 744 235 808 gavit.

155 821 265 868 XII.
299 821 442 868 Anno
467 819 525 866 ab
551 821 884 867 Incarnatione
917 820 1110 867 Domini
1149 829 1202 865 Μο
1229 824 1372 867 Lxxx⁰
1396 832 1503 879 v110,

91 899 348 947 indictione
385 907 452 955 xa,
491 916 621 946 nono
652 898 727 945 die
761 900 895 955 maii,
935 916 1106 962 corpus
1139 899 1285 945 sancti
1320 899 1505 946 Nicolai

89 977 426 1041 archiepiscopi
450 987 495 1023 et
520 977 798 1024 confessoris
822 976 879 1024 [le
901 977 1061 1040 Myrea
1088 978 1135 1023 in
1157 978 1332 1022 Barum
1354 988 1505 1024 trans-

88 1056 237 1102 latum
260 1065 345 1102 est.
373 1054 524 1115 Quam
549 1055 934 1112 translationem,
970 1055 1177 1120 qualiter
1204 1065 1251 1101 ct
1281 1073 1306 1100 a
1334 1055 1505 1120 quibus

86 1131 203 1178 facta
228 1132 311 1189 sit,
339 1131 607 1187 Johannes‚
635 1131 993 1178 archidiaconus
1020 1132 1236 1177 Barensis
1268 1132 1501 1192 ecclesiae‚

87 1207 353 1254 luculenter
372 1207 597 1254 describit
618 1208 707 1270 (1).
730 1208 803 1253 Ex
825 1208 922 1272 ejus
947 1208 1082 1253 dictis
1108 1207 1223 1253 libet
1246 1226 1506 1272 parumper

82 1283 360 1349 decerpere,
390 1295 437 1330 et
461 1284 755 1330 mentionem
778 1295 874 1330 tam
899 1285 1119 1348 gloriosae
1145 1285 1211 1331 rei
1237 1284 1346 1332 huic
1368 1303 1505 1349 opus-

84 1362 192 1409 culo
230 1363 436 1408 inserere
470 1362 527 1408 ad
558 1362 779 1408 notitiam
807 1361 1149 1419 studiosorum,
1181 1362 1262 1427 qui
1287 1362 1503 1409 nondum

83 1438 207 1486 dicta
245 1439 475 1486 Johannis
517 1439 703 1497 videre,
745 1440 779 1484 si
821 1441 942 1486 sorte
988 1440 1237 1504 contingat
1282 1451 1335 1486 ut
1380 1441 1502 1487 istud

83 1516 342 1581 dignentur
372 1517 619 1580 inspicere.
698 1526 701 1530 ’

146 1595 383 1658 Tempore
401 1594 556 1640 Alexii
579 1594 896 1658 imperatoris,
918 1594 1083 1652 Turci,
1101 1596 1276 1660 aliique
1295 1613 1501 1660 pagano-

81 1689 189 1718 rum
211 1672 375 1735 populi
400 1671 582 1718 rabiem
607 1690 737 1718 suam
766 1689 986 1720 exercere
1010 1674 1223 1720 volentes
1251 1674 1367 1720 fines
1396 1692 1502 1722 suos

80 1748 320 1807 exierunt,
343 1750 537 1814 Deoque
555 1751 887 1814 permittente,
910 1751 1100 1814 Lyciam
1123 1752 1328 1816 aliasque
1351 1753 1502 1817 regio-

79 1844 161 1875 nes
189 1826 569 1875 Christianorum
596 1827 869 1892 depopulati
897 1840 1030 1888 sunt,
1053 1829 1268 1877 ecclesias
1300 1842 1502 1894 propter

79 1916 265 1970 peccata
284 1904 554 1953 christianae
579 1906 729 1970 plebis
752 1906 1114 1963 destruxerunt,
1140 1924 1300 1954 cruces
1319 1919 1365 1954 et
1387 1909 1502 1954 ima-

79 1983 208 2048 gines
231 1983 404 2030 Christi
429 1995 569 2049 atque
588 1986 852 2031 sanctuaria
877 1985 1039 2031 multis
1058 1984 1211 2032 modis
1228 1986 1496 2045 violarunt,

80 2071 126 2108 et
143 2062 313 2108 multas
332 2061 474 2109 urbes
494 2080 602 2109 cum
625 2061 806 2109 civibus
823 2063 915 2109 suis
936 2063 1157 2110 incendio
1177 2063 1494 2111 tradiderunt.

123 2274 173 2320 (i)
190 2275 404 2309 Translalio
422 2275 462 2310 S.
480 2273 632 2308 Nicolai
647 2276 809 2319 episcopi
827 2287 874 2309 ea:
892 2275 1010 2321 ,Myra
1024 2275 1154 2322 Lycia?
1174 2276 1263 2309 urbe
1280 2275 1334 2310 ad
1348 2277 1498 2322 Apulia?

78 2332 250 2378 oppidum
278 2333 434 2368 Barium
456 2334 521 2368 vel
536 2333 682 2375 Barim,
702 2335 840 2378 scripta
862 2333 910 2368 ab
933 2334 1104 2368 Jolzamze
1129 2333 1390 2369 archidiacono
1419 2336 1497 2370 Ba-

78 2395 190 2437 rensi,
214 2393 366 2440 jubente
392 2394 533 2429 Ursonc
556 2394 719 2428 Bai-ensi
738 2400 772 2427 el
793 2395 980 2427 Canusino
998 2394 1289 2440 archiepiscopo,
1312 2396 1409 2429 circa
1427 2408 1496 2430 [m—

77 2465 164 2487 num
180 2453 332 2487 Domini
347 2466 384 2488 M.
408 2465 507 2488 Lxxx.
525 2461 631 2487 Vinum
650 2460 715 2488 aut
731 2455 847 2493 εἰν-σω
868 2454 972 2499 apud
986 2454 1133 2489 Surium
1152 2454 1210 2488 (lie
1231 2468 1327 2489 nono
1347 2457 1446 2491 maii.
1466 2455 1496 2489 Il

75 2512 188 2548 existe
201 2525 250 2547 un
264 2519 367 2548 autre
383 2514 473 2549 recit
486 2503 765 2561 conteinporain
778 2513 823 2548 dc
838 2521 932 2549 cette
951 2514 1179 2558 translation,
1193 2528 1258 2561 par
1271 2515 1493 2562 Riccphorc,

75 2572 198 2607 moine
215 2572 265 2607 du
285 2580 442 2608 convent
455 2573 500 2608 (le
519 2573 774 2609 Saint-Benoit
793 2576 810 2607 ἐι
825 2574 907 2608 Bari
920 2602 929 2616 ,
947 2574 1092 2621 publice
1110 2587 1176 2621 par
1199 2574 1393 2609 Falconius
1407 2574 1496 2609 dans

76 2641 129 2665 ses
147 2632 245 2667 Acta
259 2635 480 2679 primigenia
506 2634 544 2668 S.
567 2633 718 2668 ss'icolai
731 2633 894 2679 (d'aprcs
915 2646 961 2667 un
984 2635 1184 2669 manuscrit
1202 2634 1246 2669 de
1270 2634 1430 2681 l'abbaye
1450 2634 1495 2669 de

76 2689 421 2727 Saint-Barthclemi
441 2692 486 2727 de
513 2692 752 2738 Francsort),
785 2705 857 2739 que
876 2705 969 2728 nous
988 2701 1197 2741 regrettons
1215 2694 1260 2729 de
1288 2695 1425 2729 n’avoir
1445 2705 1495 2740 pu

76 2750 270 2795 consulter,
298 2753 389 2787 mais
413 2752 505 2787 dont
528 2765 619 2787 nous
649 2759 862 2787 t1·ouv‹.·r0ns
881 2752 913 2787 la
931 2754 1123 2789 substance
1143 2754 1232 2789 dans
1251 2754 1429 2790 l’histoire
1450 2753 1494 2787 dc

77 2808 171 2844 saint
187 2810 349 2854 Niconis,
372 2825 436 2858 par
454 2812 485 2847 le
503 2814 589 2859 pcre
610 2811 760 2847 sseatillo
781 2812 824 2846 da
844 2812 938 2846 Bari.
