2085 3455
498 265 580 300 592
881 260 1117 298 nis'i'offlA
1150 261 1555 299 EcctsssmsTlc-i.
1650 267 1768 313 [vm
1796 266 1914 315 1099]

497 360 629 406 sunt,
654 350 884 413 quoniam
913 349 1282 394 Sarracenorum
1318 348 1458 413 gladii
1488 367 1583 396 non
1615 366 1801 414 semper
1823 351 1917 397 ob-

497 428 582 472 tusi
619 427 838 485 suerunt,
878 444 964 474 nec
1001 444 1169 474 eorum
1196 427 1366 473 militia
1402 444 1587 492 semper
1621 428 1710 474 fuit
1739 429 1914 487 otiosa,

494 522 648 570 neque
672 524 837 552 manus
860 505 1082 552 invalida.
1112 505 1402 552 Occiderunt
1427 523 1541 571 ergo
1565 507 1843 554 Anselmum
1861 507 1919 555 de

496 583 909 631 Ribboth-Monte
956 585 1027 647 (ι)
1077 595 1124 630 et
1167 585 1480 631 Guillelmum
1520 584 1773 631 Picardum
1819 587 1915 648 (2),

493 663 619 709 viros
645 663 725 708 alti
752 662 1018 726 sanguinis,
1047 679 1315 727 gnarosque
1340 663 1406 708 rei
1435 663 1686 719 militaris3
1713 680 1921 728 quorum

494 741 723 803 praeclara
764 741 974 786 facinora
1024 738 1268 786 evidenter
1309 751 1555 803 comperta
1591 751 1701 787 sunt
1743 741 1791 787 in
1841 741 1920 787 illa

497 817 671 863 Christi
690 817 884 873 militia3
909 827 956 862 et
976 816 1137 878 plures
1153 817 1231 862 alii
1252 817 1478 875 cecidere,
1501 835 1708 883 quorum
1725 820 1919 866 nomina

496 896 620 942 Deus
646 895 889 940 contineat
914 894 961 938 in
986 894 1254 940 memoriali
1274 896 1384 941 vitae
1405 913 1517 941 suae.

562 972 793 1036 Tripolita
803 990 886 1018 nus
910 982 1070 1018 autem
1089 989 1173 1019 rex
1193 989 1279 1037 per
1300 973 1619 1020 internuntios
1642 992 1764 1039 saepe
1792 974 1922 1021 Chri-

498 1050 763 1096 stianorum
803 1049 943 1096 duces
976 1048 1330 1114 alloquebatur,
1356 1061 1401 1096 et
1435 1051 1722 1099 omnimodis
1756 1069 1923 1099 eorum

498 1128 680 1174 animos
714 1139 988 1191 pertentare
1021 1127 1281 1185 nitebatur,
1310 1139 1361 1174 ut
1381 1128 1514 1174 'datis
1548 1130 1611 1175 eis
1647 1129 1924 1176 muneribus

498 1223 657 1252 secum
689 1207 1058 1269 paciscerentur,
1095 1218 1296 1252 castrum
1325 1205 1648 1263 dimitterent,
1675 1219 1925 1273 pactasque

499 1286 720 1347 pecunias
754 1286 1039 1349 reciperent.
1080 1284 1335 1331 Christiani
1372 1285 1430 1331 de
1467 1285 1818 1333 Christianitate
1858 1287 1923 1333 illi

499 1362 862 1426 proponebant,
892 1381 979 1410 nec
1002 1364 1141 1409 aliter
1166 1381 1189 1409 a
1216 1381 1299 1410 suo
1323 1362 1482 1410 divelli
1516 1365 1763 1427 proposito
1785 1375 1926 1428 pote-

502 1451 629 1486 rant.
673 1441 758 1486 llle
802 1458 914 1487 vero
951 1440 1293 1486 Christianitati
1336 1442 1535 1487 nimium
1572 1441 1922 1499 recalcitrabat,

498 1529 785 1583 patrumque
824 1520 948 1582 leges
992 1530 1037 1565 et
1074 1530 1320 1566 atavorum
1367 1519 1728 1567 consuetudines
1776 1521 1926 1567 relin-

502 1612 649 1659 quere
680 1595 984 1642 formidabat.
1008 1597 1246 1659 Tempore
1272 1596 1581 1660 procedente,
1610 1615 1746 1645 novae
1771 1599 1927 1662 fruges

502 1672 826 1719 exalbuerant.
868 1675 1068 1719 Tractus
1111 1674 1239 1719 enim
1277 1674 1357 1720 ille
1393 1686 1631 1721 terrarum
1670 1675 1927 1740 majoribus

504 1769 647 1814 qnam
693 1751 1070 1797 citramontanus
1127 1751 1398 1797 fervoribus
1456 1765 1684 1816 vaporat,
1729 1752 1928 1818 ideoque

505 1829 843 1891 properantIOr
880 1829 1278 1892 ‚properantiores
1315 1840 1447 1875 aestas
1490 1847 1658 1877 messes
1699 1842 1924 1877 maturat.

480 1905 680 1950 ‚Martio
723 1904 959 1951 mediante
996 1904 1116 1951 fabae
1165 1905 1518 1970 colligebantur
1558 1908 1782 1965 novellae,
1830 1907 1929 1955 idus

505 2055 547 2088 ils
576 2069 597 2101 y
628 2056 753 2090 fnrent
785 2056 969 2101 assujettis
999 2069 1067 2090 anx
1097 2056 1177 2103 plns
1209 2057 1320 2092 dures
1349 2059 1563 2104 privations.
1585 2080 1631 2086 —
1649 2060 1681 2094 Il
1710 2067 1809 2095 omet
1835 2063 1929 2096 aussi

505 2115 687 2162 l'eprenve
706 2115 757 2149 du
775 2116 834 2149 seu
847 2143 857 2160 ‚
877 2118 896 2150 a
915 2115 1070 2163 laquelle
1091 2129 1126 2151 se
1145 2117 1300 2161 soumit,
1330 2118 1361 2152 le
1385 2117 1429 2152 25
1456 2131 1572 2165 mars,
1592 2120 1810 2156 l’inventeur
1828 2121 1873 2155 de
1897 2121 1929 2155 la

508 2175 623 2210 sainte
642 2176 779 2218 Lance,
801 2183 837 2210 ct
855 2188 924 2210 aux
942 2177 1055 2210 suites
1075 2177 1120 2210 de
1137 2176 1292 2225 laquelle
1312 2178 1336 2212 il
1356 2179 1562 2214 succomba.

554 2237 605 2280 (i)
623 2235 814 2278 Anselnm,
834 2243 953 2271 comte
971 2236 1016 2271 de
1034 2237 1235 2272 Ribeniont
1255 2238 1428 2284 (Aisne),
1447 2238 1539 2274 dela
1557 2239 1691 2274 famille
1705 2240 1767 2275 des
1785 2242 1931 2275 anciens

508 2303 645 2330 comtes
673 2295 718 2329 de
745 2295 1027 2339 Valent-icones,
1058 2304 1095 2331 et
1118 2297 1193 2331 l’un
1219 2297 1281 2332 des
1300 2298 1500 2334 historiens
1519 2299 1564 2334 de
1582 2299 1614 2334 la
1635 2301 1815 2347 premiere
1834 2301 1931 2335 croi-

510 2355 608 2389 sadc.
628 2355 659 2389 ll
679 2368 724 2389 ne
742 2368 834 2390 nous
853 2363 948 2390 reste
968 2357 1328 2393 malheureusement
1345 2371 1416 2406 que
1434 2359 1508 2393 l’un
1527 2359 1590 2394 des
1608 2360 1703 2395 deux
1720 2361 1830 2395 recits
1849 2373 1931 2407 par-

512 2414 591 2448 tiels
611 2414 700 2461 qu'il
721 2428 740 2459 y
759 2416 853 2449 avait
874 2418 1062 2451 consacres
1083 2433 1088 2450 z
1109 2417 1204 2452 celui
1222 2418 1286 2465 qui
1303 2430 1482 2453 concerne
1500 2419 1532 2453 la
1550 2420 1647 2466 prise
1662 2419 1882 2454 d’Antioche
1897 2428 1934 2454 et

511 2474 562 2508 les
582 2475 759 2520 premiers
781 2476 1013 2510 evcnements
1031 2476 1123 2511 dont
1142 2477 1210 2511 elle
1231 2478 1286 2512 fut
1305 2478 1430 2512 suivie.
1454 2479 1560 2513 Cette
1579 2478 1732 2513 relation
1750 2492 1769 2513 a
1785 2480 1843 2514 e'te
1860 2480 1932 2514 im-

513 2535 652 2580 priine'c
671 2534 761 2568 dans
779 2534 811 2568 lc
833 2535 1012 2581 sz'csle'ge
1031 2535 1076 2569 de
1096 2536 1284 2571 d'Aclieri.
1305 2537 1407 2572 Nous
1426 2550 1573 2573 verrons
1590 2538 1670 2585 plus
1691 2538 1770 2573 {ard
1790 2540 1930 2586 Agnes,

513 2606 610 2627 ευριπ
635 2593 679 2627 dc
708 2607 747 2628 cc
774 2595 882 2640 pienx
909 2596 1094 2641 seigneur,
1120 2598 1276 2643 epouser
1303 2598 1460 2632 Gautier
1485 2598 1650 2640 Giffiwd,
1674 2598 1865 2634 deuxit‘me
1883 2599 1932 2633 dn

512 2667 616 2695 nom,
638 2662 757 2689 cointe
774 2655 818 2689 dc
840 2655 1111 2702 Buckingham,
1132 2664 1170 2691 et
1194 2658 1413 2693 scandaliser
1436 2665 1539 2692 toute
1565 2659 1596 2692 la
1623 2659 1850 2693 Normandie
1868 2664 1933 2706 par

516 2728 568 2748 scs
585 2715 732 2749 liaisons
752 2715 934 2750 adulteres
952 2729 1035 2751 avec
1058 2717 1089 2752 le
1109 2717 1179 2752 (luc
1197 2718 1349 2753 Roberi.

566 2777 611 2817 Ὁ.)
632 2774 845 2809 Guillaunm
863 2775 1008 2809 picard,
