<?xml version="1.0" encoding="UTF-8"?>
<!DOCTYPE html PUBLIC "-//W3C//DTD XHTML 1.0 Transitional//EN"
    "http://www.w3.org/TR/xhtml1/DTD/xhtml1-transitional.dtd">
<html xmlns="http://www.w3.org/1999/xhtml" xml:lang="en" lang="en">
 <head>
  <title>
</title>
<meta http-equiv="Content-Type" content="text/html;charset=utf-8" />
  <meta name='ocr-system' content='tesseract 3.04.00' />
  <meta name='ocr-capabilities' content='ocr_page ocr_carea ocr_par ocr_line ocrx_word'/>
</head>
<body>
  <div class='ocr_page' id='page_1' title='image "./ordericivitalish03ordeuoft/ordericivitalish03ordeuoft_0732.png"; bbox 0 0 2085 3455; ppageno 0'>
   <div class='ocr_carea' id='block_1_1' title="bbox 538 331 1954 384">
    <p class='ocr_par' dir='ltr' id='par_1_1' title="bbox 538 331 1954 384">
     <span class='ocr_line' id='line_1_1' title="bbox 538 331 1954 384; baseline 0 -12"><span class='ocrx_word' id='word_1_1' title='bbox 538 336 617 373; x_wconf 75' lang='lat'>596</span> <span class='ocrx_word' id='word_1_2' title='bbox 903 331 1149 371; x_wconf 82' lang='lat' dir='ltr'>HISTORIA</span> <span class='ocrx_word' id='word_1_3' title='bbox 1183 331 1587 370; x_wconf 81' lang='lat' dir='ltr'><strong>ECCLESIASTICA.</strong></span> <span class='ocrx_word' id='word_1_4' title='bbox 1687 335 1811 382; x_wconf 73' lang='lat' dir='ltr'>[sumo</span> <span class='ocrx_word' id='word_1_5' title='bbox 1833 336 1954 384; x_wconf 71' lang='lat'>1099}</span> 
     </span>
    </p>
   </div>
   <div class='ocr_carea' id='block_1_2' title="bbox 532 419 1973 2180">
    <p class='ocr_par' dir='ltr' id='par_1_2' title="bbox 532 419 1958 1011">
     <span class='ocr_line' id='line_1_2' title="bbox 532 419 1953 486; baseline -0.001 -19"><span class='ocrx_word' id='word_1_6' title='bbox 532 423 664 486; x_wconf 85' lang='lat' dir='ltr'>juxta</span> <span class='ocrx_word' id='word_1_7' title='bbox 715 419 1004 466; x_wconf 82' lang='lat' dir='ltr'>civitatulam</span> <span class='ocrx_word' id='word_1_8' title='bbox 1057 420 1227 467; x_wconf 84' lang='lat' dir='ltr'>emicat</span> <span class='ocrx_word' id='word_1_9' title='bbox 1245 456 1256 475; x_wconf 93' lang='lat'>‚</span> <span class='ocrx_word' id='word_1_10' title='bbox 1311 419 1391 465; x_wconf 88' lang='lat' dir='ltr'>ubi</span> <span class='ocrx_word' id='word_1_11' title='bbox 1442 420 1702 483; x_wconf 85' lang='lat' dir='ltr'>pretiosum</span> <span class='ocrx_word' id='word_1_12' title='bbox 1748 421 1953 484; x_wconf 85' lang='lat' dir='ltr'>ejusdem</span> 
     </span>
     <span class='ocr_line' id='line_1_3' title="bbox 536 496 1954 564; baseline -0.001 -19"><span class='ocrx_word' id='word_1_13' title='bbox 536 499 724 546; x_wconf 82' lang='lat' dir='ltr'>athletae</span> <span class='ocrx_word' id='word_1_14' title='bbox 744 516 916 562; x_wconf 88' lang='lat' dir='ltr'>corpus</span> <span class='ocrx_word' id='word_1_15' title='bbox 948 499 1209 564; x_wconf 81' lang='lat' dir='ltr'><strong>quieverat.</strong></span> <span class='ocrx_word' id='word_1_16' title='bbox 1239 499 1403 555; x_wconf 86' lang='lat' dir='ltr'>Hunc,</span> <span class='ocrx_word' id='word_1_17' title='bbox 1430 514 1572 562; x_wconf 86' lang='lat' dir='ltr'>quem</span> <span class='ocrx_word' id='word_1_18' title='bbox 1599 496 1855 544; x_wconf 79' lang='lat' dir='ltr'>Christiani</span> <span class='ocrx_word' id='word_1_19' title='bbox 1878 499 1954 544; x_wconf 90' lang='lat' dir='ltr'>vi-</span> 
     </span>
     <span class='ocr_line' id='line_1_4' title="bbox 535 574 1957 640; baseline -0.002 -17"><span class='ocrx_word' id='word_1_20' title='bbox 535 576 706 623; x_wconf 80' lang='lat' dir='ltr'>derant</span> <span class='ocrx_word' id='word_1_21' title='bbox 730 576 779 622; x_wconf 87' lang='lat' dir='ltr'>in</span> <span class='ocrx_word' id='word_1_22' title='bbox 803 575 932 623; x_wconf 87' lang='lat' dir='ltr'>bello</span> <span class='ocrx_word' id='word_1_23' title='bbox 959 575 1263 623; x_wconf 76' lang='lat' dir='ltr'>Antiocheno</span> <span class='ocrx_word' id='word_1_24' title='bbox 1287 574 1638 640; x_wconf 72' lang='lat' dir='ltr'>praeambulum</span> <span class='ocrx_word' id='word_1_25' title='bbox 1662 585 1709 620; x_wconf 87' lang='lat' dir='ltr'>et</span> <span class='ocrx_word' id='word_1_26' title='bbox 1741 592 1957 638; x_wconf 66' lang='lat' dir='ltr'>praecur-</span> 
     </span>
     <span class='ocr_line' id='line_1_5' title="bbox 537 651 1957 718; baseline -0.001 -17"><span class='ocrx_word' id='word_1_27' title='bbox 537 671 723 711; x_wconf 84' lang='lat' dir='ltr'>sorem,</span> <span class='ocrx_word' id='word_1_28' title='bbox 769 664 816 700; x_wconf 83' lang='lat' dir='ltr'>et</span> <span class='ocrx_word' id='word_1_29' title='bbox 861 664 1026 700; x_wconf 85' lang='lat' dir='ltr'>contra</span> <span class='ocrx_word' id='word_1_30' title='bbox 1070 664 1260 718; x_wconf 79' lang='lat' dir='ltr'><strong>gentem</strong></span> <span class='ocrx_word' id='word_1_31' title='bbox 1302 669 1552 700; x_wconf 85' lang='lat' dir='ltr'>erroneam</span> <span class='ocrx_word' id='word_1_32' title='bbox 1594 651 1796 698; x_wconf 81' lang='lat' dir='ltr'>validum</span> <span class='ocrx_word' id='word_1_33' title='bbox 1839 670 1957 715; x_wconf 84' lang='lat' dir='ltr'>pro-</span> 
     </span>
     <span class='ocr_line' id='line_1_6' title="bbox 536 730 1957 797; baseline -0.002 -18"><span class='ocrx_word' id='word_1_34' title='bbox 536 742 872 797; x_wconf 78' lang='lat' dir='ltr'>pugnatorem,</span> <span class='ocrx_word' id='word_1_35' title='bbox 894 730 1117 778; x_wconf 86' lang='lat' dir='ltr'>volebant</span> <span class='ocrx_word' id='word_1_36' title='bbox 1134 732 1274 778; x_wconf 89' lang='lat' dir='ltr'>etiam</span> <span class='ocrx_word' id='word_1_37' title='bbox 1293 731 1559 796; x_wconf 89' lang='lat' dir='ltr'>promereri</span> <span class='ocrx_word' id='word_1_38' title='bbox 1577 747 1763 794; x_wconf 89' lang='lat' dir='ltr'>semper</span> <span class='ocrx_word' id='word_1_39' title='bbox 1779 731 1957 778; x_wconf 87' lang='lat' dir='ltr'>socium</span> 
     </span>
     <span class='ocr_line' id='line_1_7' title="bbox 537 807 1958 872; baseline -0.001 -16"><span class='ocrx_word' id='word_1_40' title='bbox 537 820 583 856; x_wconf 83' lang='lat' dir='ltr'>et</span> <span class='ocrx_word' id='word_1_41' title='bbox 613 808 925 856; x_wconf 78' lang='lat' dir='ltr'>defensorem.</span> <span class='ocrx_word' id='word_1_42' title='bbox 966 808 1211 854; x_wconf 81' lang='lat' dir='ltr'>Basilicam</span> <span class='ocrx_word' id='word_1_43' title='bbox 1247 809 1342 872; x_wconf 89' lang='lat' dir='ltr'>ejus</span> <span class='ocrx_word' id='word_1_44' title='bbox 1379 818 1655 854; x_wconf 80' lang='lat' dir='ltr'>reverenter</span> <span class='ocrx_word' id='word_1_45' title='bbox 1686 807 1958 855; x_wconf 82' lang='lat' dir='ltr'>honorave—</span> 
     </span>
     <span class='ocr_line' id='line_1_8' title="bbox 540 885 1958 949; baseline -0.001 -16"><span class='ocrx_word' id='word_1_46' title='bbox 540 897 680 944; x_wconf 86' lang='lat' dir='ltr'>runt,</span> <span class='ocrx_word' id='word_1_47' title='bbox 726 897 771 932; x_wconf 84' lang='lat' dir='ltr'>et</span> <span class='ocrx_word' id='word_1_48' title='bbox 812 886 1113 949; x_wconf 86' lang='lat' dir='ltr'>episcopum,</span> <span class='ocrx_word' id='word_1_49' title='bbox 1159 896 1210 931; x_wconf 85' lang='lat' dir='ltr'>ut</span> <span class='ocrx_word' id='word_1_50' title='bbox 1251 885 1481 944; x_wconf 84' lang='lat' dir='ltr'><strong>diximus,</strong></span> <span class='ocrx_word' id='word_1_51' title='bbox 1525 886 1738 932; x_wconf 79' lang='lat' dir='ltr'>Ramulae</span> <span class='ocrx_word' id='word_1_52' title='bbox 1778 886 1958 933; x_wconf 85' lang='lat' dir='ltr'>consti-</span> 
     </span>
     <span class='ocr_line' id='line_1_9' title="bbox 540 975 753 1011; baseline -0.009 0"><span class='ocrx_word' id='word_1_53' title='bbox 540 975 753 1011; x_wconf 87' lang='lat' dir='ltr'>tuerunt.</span> 
     </span>
    </p>

    <p class='ocr_par' dir='ltr' id='par_1_3' title="bbox 537 1038 1968 1953">
     <span class='ocr_line' id='line_1_10' title="bbox 604 1038 1960 1104; baseline -0.001 -17"><span class='ocrx_word' id='word_1_54' title='bbox 604 1041 842 1087; x_wconf 85' lang='lat' dir='ltr'>Divinitus</span> <span class='ocrx_word' id='word_1_55' title='bbox 876 1041 1082 1098; x_wconf 81' lang='lat' dir='ltr'>accensi,</span> <span class='ocrx_word' id='word_1_56' title='bbox 1118 1038 1330 1086; x_wconf 79' lang='lat' dir='ltr'>diluculo</span> <span class='ocrx_word' id='word_1_57' title='bbox 1361 1039 1531 1104; x_wconf 80' lang='lat' dir='ltr'>egressi</span> <span class='ocrx_word' id='word_1_58' title='bbox 1562 1051 1696 1097; x_wconf 85' lang='lat' dir='ltr'>sunt,</span> <span class='ocrx_word' id='word_1_59' title='bbox 1731 1041 1960 1104; x_wconf 76' lang='lat' dir='ltr'>signoque</span> 
     </span>
     <span class='ocr_line' id='line_1_11' title="bbox 537 1117 1957 1180; baseline -0.001 -15"><span class='ocrx_word' id='word_1_60' title='bbox 537 1117 674 1176; x_wconf 83' lang='lat' dir='ltr'>dato,</span> <span class='ocrx_word' id='word_1_61' title='bbox 707 1117 832 1163; x_wconf 86' lang='lat' dir='ltr'>viam</span> <span class='ocrx_word' id='word_1_62' title='bbox 874 1118 921 1164; x_wconf 88' lang='lat' dir='ltr'>in</span> <span class='ocrx_word' id='word_1_63' title='bbox 950 1117 1212 1164; x_wconf 79' lang='lat' dir='ltr'>Jerusalem</span> <span class='ocrx_word' id='word_1_64' title='bbox 1243 1117 1557 1164; x_wconf 82' lang='lat' dir='ltr'>accelerantes</span> <span class='ocrx_word' id='word_1_65' title='bbox 1592 1117 1788 1180; x_wconf 79' lang='lat' dir='ltr'>ingressi</span> <span class='ocrx_word' id='word_1_66' title='bbox 1826 1128 1957 1173; x_wconf 83' lang='lat' dir='ltr'>sunt;</span> 
     </span>
     <span class='ocr_line' id='line_1_12' title="bbox 539 1194 1960 1257; baseline -0.001 -16"><span class='ocrx_word' id='word_1_67' title='bbox 539 1206 586 1242; x_wconf 84' lang='lat' dir='ltr'>et</span> <span class='ocrx_word' id='word_1_68' title='bbox 620 1195 740 1241; x_wconf 88' lang='lat' dir='ltr'>sicut</span> <span class='ocrx_word' id='word_1_69' title='bbox 774 1194 857 1241; x_wconf 82' lang='lat' dir='ltr'>diu</span> <span class='ocrx_word' id='word_1_70' title='bbox 896 1194 1301 1251; x_wconf 80' lang='lat' dir='ltr'>desideraverant,</span> <span class='ocrx_word' id='word_1_71' title='bbox 1339 1212 1389 1241; x_wconf 88' lang='lat' dir='ltr'>ea</span> <span class='ocrx_word' id='word_1_72' title='bbox 1426 1194 1500 1241; x_wconf 84' lang='lat' dir='ltr'>die</span> <span class='ocrx_word' id='word_1_73' title='bbox 1531 1195 1601 1257; x_wconf 82' lang='lat'>(1)</span> <span class='ocrx_word' id='word_1_74' title='bbox 1632 1194 1688 1240; x_wconf 87' lang='lat' dir='ltr'>ad</span> <span class='ocrx_word' id='word_1_75' title='bbox 1724 1196 1960 1242; x_wconf 77' lang='lat' dir='ltr'>civitatem</span> 
     </span>
     <span class='ocr_line' id='line_1_13' title="bbox 540 1273 1961 1338; baseline -0.001 -19"><span class='ocrx_word' id='word_1_76' title='bbox 540 1289 687 1338; x_wconf 85' lang='lat' dir='ltr'>usque</span> <span class='ocrx_word' id='word_1_77' title='bbox 717 1284 1058 1337; x_wconf 85' lang='lat' dir='ltr'>pervenerunt.</span> <span class='ocrx_word' id='word_1_78' title='bbox 1092 1273 1355 1319; x_wconf 85' lang='lat' dir='ltr'>Jerusalem</span> <span class='ocrx_word' id='word_1_79' title='bbox 1389 1273 1518 1319; x_wconf 87' lang='lat' dir='ltr'>enim</span> <span class='ocrx_word' id='word_1_80' title='bbox 1549 1291 1572 1318; x_wconf 89' lang='lat' dir='ltr'>a</span> <span class='ocrx_word' id='word_1_81' title='bbox 1602 1273 1799 1318; x_wconf 87' lang='lat' dir='ltr'>Ramula</span> <span class='ocrx_word' id='word_1_82' title='bbox 1833 1273 1961 1336; x_wconf 85' lang='lat' dir='ltr'>quasi</span> 
     </span>
     <span class='ocr_line' id='line_1_14' title="bbox 542 1350 1961 1415; baseline -0.001 -17"><span class='ocrx_word' id='word_1_83' title='bbox 542 1369 656 1399; x_wconf 74' lang='lat' dir='ltr'>xxiv</span> <span class='ocrx_word' id='word_1_84' title='bbox 676 1351 912 1397; x_wconf 87' lang='lat' dir='ltr'>milliariis</span> <span class='ocrx_word' id='word_1_85' title='bbox 933 1351 1091 1397; x_wconf 87' lang='lat' dir='ltr'>distat.</span> <span class='ocrx_word' id='word_1_86' title='bbox 1117 1352 1377 1415; x_wconf 82' lang='lat' dir='ltr'>Postquam</span> <span class='ocrx_word' id='word_1_87' title='bbox 1401 1350 1458 1396; x_wconf 87' lang='lat' dir='ltr'>ad</span> <span class='ocrx_word' id='word_1_88' title='bbox 1478 1351 1638 1397; x_wconf 87' lang='lat' dir='ltr'>locum</span> <span class='ocrx_word' id='word_1_89' title='bbox 1658 1362 1857 1397; x_wconf 87' lang='lat' dir='ltr'>ventum</span> <span class='ocrx_word' id='word_1_90' title='bbox 1871 1361 1961 1405; x_wconf 84' lang='lat' dir='ltr'>est,</span> 
     </span>
     <span class='ocr_line' id='line_1_15' title="bbox 543 1428 1963 1492; baseline -0.003 -15"><span class='ocrx_word' id='word_1_91' title='bbox 543 1429 668 1477; x_wconf 86' lang='lat' dir='ltr'>unde</span> <span class='ocrx_word' id='word_1_92' title='bbox 688 1429 910 1476; x_wconf 86' lang='lat' dir='ltr'>turritam</span> <span class='ocrx_word' id='word_1_93' title='bbox 930 1430 1192 1476; x_wconf 88' lang='lat' dir='ltr'>Jerusalem</span> <span class='ocrx_word' id='word_1_94' title='bbox 1214 1428 1372 1475; x_wconf 81' lang='lat' dir='ltr'>videre</span> <span class='ocrx_word' id='word_1_95' title='bbox 1393 1439 1655 1492; x_wconf 87' lang='lat' dir='ltr'>potuerunt</span> <span class='ocrx_word' id='word_1_96' title='bbox 1668 1465 1680 1485; x_wconf 89' lang='lat'><em>‚</em></span> <span class='ocrx_word' id='word_1_97' title='bbox 1705 1446 1760 1475; x_wconf 86' lang='lat' dir='ltr'>ex</span> <span class='ocrx_word' id='word_1_98' title='bbox 1784 1429 1963 1492; x_wconf 76' lang='lat' dir='ltr'>ingenti</span> 
     </span>
     <span class='ocr_line' id='line_1_16' title="bbox 544 1506 1964 1572; baseline -0.002 -18"><span class='ocrx_word' id='word_1_99' title='bbox 544 1507 717 1572; x_wconf 74' lang='lat' dir='ltr'>gaudio</span> <span class='ocrx_word' id='word_1_100' title='bbox 735 1508 1072 1571; x_wconf 77' lang='lat' dir='ltr'>ploraverunt,</span> <span class='ocrx_word' id='word_1_101' title='bbox 1097 1507 1434 1565; x_wconf 85' lang='lat' dir='ltr'>substiterunt,</span> <span class='ocrx_word' id='word_1_102' title='bbox 1455 1507 1605 1553; x_wconf 86' lang='lat' dir='ltr'>Deum</span> <span class='ocrx_word' id='word_1_103' title='bbox 1623 1506 1964 1560; x_wconf 84' lang='lat' dir='ltr'>adoraverunt,</span> 
     </span>
     <span class='ocr_line' id='line_1_17' title="bbox 544 1585 1965 1649; baseline 0 -18"><span class='ocrx_word' id='word_1_104' title='bbox 544 1596 592 1631; x_wconf 90' lang='lat' dir='ltr'>et</span> <span class='ocrx_word' id='word_1_105' title='bbox 616 1585 742 1632; x_wconf 87' lang='lat' dir='ltr'>flexo</span> <span class='ocrx_word' id='word_1_106' title='bbox 770 1586 954 1649; x_wconf 88' lang='lat' dir='ltr'>poplite</span> <span class='ocrx_word' id='word_1_107' title='bbox 978 1596 1189 1631; x_wconf 82' lang='lat' dir='ltr'>sanctam</span> <span class='ocrx_word' id='word_1_108' title='bbox 1216 1596 1392 1631; x_wconf 88' lang='lat' dir='ltr'>terram</span> <span class='ocrx_word' id='word_1_109' title='bbox 1414 1585 1670 1632; x_wconf 85' lang='lat' dir='ltr'>deosculati</span> <span class='ocrx_word' id='word_1_110' title='bbox 1695 1597 1821 1632; x_wconf 86' lang='lat' dir='ltr'>sunt.</span> <span class='ocrx_word' id='word_1_111' title='bbox 1848 1585 1965 1632; x_wconf 83' lang='lat' dir='ltr'>Om-</span> 
     </span>
     <span class='ocr_line' id='line_1_18' title="bbox 546 1662 1967 1726; baseline -0.003 -17"><span class='ocrx_word' id='word_1_112' title='bbox 546 1679 628 1709; x_wconf 89' lang='lat' dir='ltr'>nes</span> <span class='ocrx_word' id='word_1_113' title='bbox 649 1662 786 1709; x_wconf 81' lang='lat' dir='ltr'>nudis</span> <span class='ocrx_word' id='word_1_114' title='bbox 810 1662 1006 1726; x_wconf 86' lang='lat' dir='ltr'>pedibus</span> <span class='ocrx_word' id='word_1_115' title='bbox 1030 1662 1357 1720; x_wconf 81' lang='lat' dir='ltr'>ambularent,</span> <span class='ocrx_word' id='word_1_116' title='bbox 1385 1662 1474 1708; x_wconf 90' lang='lat' dir='ltr'>nisi</span> <span class='ocrx_word' id='word_1_117' title='bbox 1504 1673 1655 1708; x_wconf 89' lang='lat' dir='ltr'>metus</span> <span class='ocrx_word' id='word_1_118' title='bbox 1681 1680 1758 1709; x_wconf 88' lang='lat' dir='ltr'>eos</span> <span class='ocrx_word' id='word_1_119' title='bbox 1786 1662 1967 1709; x_wconf 64' lang='lat' dir='ltr'>hostilis</span> 
     </span>
     <span class='ocr_line' id='line_1_19' title="bbox 544 1737 1963 1803; baseline -0.004 -17"><span class='ocrx_word' id='word_1_120' title='bbox 544 1750 751 1786; x_wconf 85' lang='lat' dir='ltr'>armatos</span> <span class='ocrx_word' id='word_1_121' title='bbox 777 1737 995 1786; x_wconf 83' lang='lat' dir='ltr'>incedere</span> <span class='ocrx_word' id='word_1_122' title='bbox 1020 1740 1320 1803; x_wconf 67' lang='lat' dir='ltr'>praeciperet.</span> <span class='ocrx_word' id='word_1_123' title='bbox 1344 1738 1484 1785; x_wconf 83' lang='lat' dir='ltr'>Ibant</span> <span class='ocrx_word' id='word_1_124' title='bbox 1507 1750 1554 1785; x_wconf 88' lang='lat' dir='ltr'>et</span> <span class='ocrx_word' id='word_1_125' title='bbox 1583 1738 1788 1796; x_wconf 86' lang='lat' dir='ltr'>flebant,</span> <span class='ocrx_word' id='word_1_126' title='bbox 1817 1750 1863 1785; x_wconf 87' lang='lat' dir='ltr'>et</span> <span class='ocrx_word' id='word_1_127' title='bbox 1885 1740 1963 1803; x_wconf 83' lang='lat' dir='ltr'>qui</span> 
     </span>
     <span class='ocr_line' id='line_1_20' title="bbox 545 1815 1968 1881; baseline -0.001 -18"><span class='ocrx_word' id='word_1_128' title='bbox 545 1815 717 1864; x_wconf 78' lang='lat' dir='ltr'>orandi</span> <span class='ocrx_word' id='word_1_129' title='bbox 747 1816 899 1881; x_wconf 75' lang='lat' dir='ltr'>gratia</span> <span class='ocrx_word' id='word_1_130' title='bbox 924 1827 1277 1872; x_wconf 84' lang='lat' dir='ltr'>convenerant,</span> <span class='ocrx_word' id='word_1_131' title='bbox 1305 1817 1565 1880; x_wconf 74' lang='lat' dir='ltr'>pugnaturi</span> <span class='ocrx_word' id='word_1_132' title='bbox 1589 1817 1721 1880; x_wconf 89' lang='lat' dir='ltr'>prius</span> <span class='ocrx_word' id='word_1_133' title='bbox 1752 1817 1968 1880; x_wconf 74' lang='lat' dir='ltr'>properis</span> 
     </span>
     <span class='ocr_line' id='line_1_21' title="bbox 549 1893 1873 1953; baseline -0.005 -12"><span class='ocrx_word' id='word_1_134' title='bbox 549 1913 680 1942; x_wconf 85' lang='lat' dir='ltr'>arma</span> <span class='ocrx_word' id='word_1_135' title='bbox 706 1893 1000 1941; x_wconf 77' lang='lat' dir='ltr'>deserebant.</span> <span class='ocrx_word' id='word_1_136' title='bbox 1869 1951 1873 1953; x_wconf 15' lang='grc' dir='ltr'>ῃ</span> 
     </span>
    </p>

    <p class='ocr_par' dir='ltr' id='par_1_4' title="bbox 550 1970 1973 2180">
     <span class='ocr_line' id='line_1_22' title="bbox 616 1970 1972 2036; baseline -0.002 -17"><span class='ocrx_word' id='word_1_137' title='bbox 616 1972 727 2021; x_wconf 83' lang='lat' dir='ltr'>XV.</span> <span class='ocrx_word' id='word_1_138' title='bbox 749 1972 1050 2020; x_wconf 87' lang='lat' dir='ltr'>Obsederunt</span> <span class='ocrx_word' id='word_1_139' title='bbox 1067 1981 1176 2019; x_wconf 85' lang='lat' dir='ltr'>v111⁰</span> <span class='ocrx_word' id='word_1_140' title='bbox 1195 1971 1428 2036; x_wconf 84' lang='lat' dir='ltr'>idusjunii</span> <span class='ocrx_word' id='word_1_141' title='bbox 1451 1973 1522 2035; x_wconf 79' lang='lat'>(2)</span> <span class='ocrx_word' id='word_1_142' title='bbox 1538 1972 1798 2018; x_wconf 87' lang='lat' dir='ltr'>Jerusalem</span> <span class='ocrx_word' id='word_1_143' title='bbox 1819 1970 1972 2017; x_wconf 77' lang='lat' dir='ltr'>Chris—</span> 
     </span>
     <span class='ocr_line' id='line_1_23' title="bbox 550 2046 1969 2113; baseline -0.001 -18"><span class='ocrx_word' id='word_1_144' title='bbox 550 2051 697 2108; x_wconf 87' lang='lat' dir='ltr'>tiani,</span> <span class='ocrx_word' id='word_1_145' title='bbox 741 2067 839 2097; x_wconf 87' lang='lat' dir='ltr'>non</span> <span class='ocrx_word' id='word_1_146' title='bbox 882 2060 1107 2113; x_wconf 83' lang='lat' dir='ltr'>tanquam</span> <span class='ocrx_word' id='word_1_147' title='bbox 1150 2065 1408 2096; x_wconf 81' lang='lat' dir='ltr'>novercam</span> <span class='ocrx_word' id='word_1_148' title='bbox 1448 2049 1686 2113; x_wconf 80' lang='lat' dir='ltr'>privigni,</span> <span class='ocrx_word' id='word_1_149' title='bbox 1727 2046 1805 2093; x_wconf 89' lang='lat' dir='ltr'>sed</span> <span class='ocrx_word' id='word_1_150' title='bbox 1842 2048 1969 2113; x_wconf 86' lang='lat' dir='ltr'>quasi</span> 
     </span>
     <span class='ocr_line' id='line_1_24' title="bbox 550 2124 1973 2180; baseline -0.004 -7"><span class='ocrx_word' id='word_1_151' title='bbox 550 2136 755 2173; x_wconf 85' lang='lat' dir='ltr'>matrem</span> <span class='ocrx_word' id='word_1_152' title='bbox 787 2126 889 2172; x_wconf 80' lang='lat' dir='ltr'>filii.</span> <span class='ocrx_word' id='word_1_153' title='bbox 920 2125 1074 2171; x_wconf 87' lang='lat' dir='ltr'>Amici</span> <span class='ocrx_word' id='word_1_154' title='bbox 1109 2142 1213 2171; x_wconf 90' lang='lat' dir='ltr'>eam</span> <span class='ocrx_word' id='word_1_155' title='bbox 1242 2136 1289 2171; x_wconf 86' lang='lat' dir='ltr'>et</span> <span class='ocrx_word' id='word_1_156' title='bbox 1322 2124 1405 2170; x_wconf 83' lang='lat' dir='ltr'>filii</span> <span class='ocrx_word' id='word_1_157' title='bbox 1442 2124 1886 2180; x_wconf 85' lang='lat' dir='ltr'>circumdederunt,</span> <span class='ocrx_word' id='word_1_158' title='bbox 1922 2135 1973 2168; x_wconf 82' lang='lat' dir='ltr'>ut:</span> 
     </span>
    </p>
   </div>
   <div class='ocr_carea' id='block_1_3' title="bbox 555 2303 1975 2887">
    <p class='ocr_par' dir='ltr' id='par_1_5' title="bbox 555 2303 1975 2636">
     <span class='ocr_line' id='line_1_25' title="bbox 601 2303 1972 2354; baseline -0.004 -12"><span class='ocrx_word' id='word_1_159' title='bbox 601 2308 652 2354; x_wconf 88' lang='lat'>(1)</span> <span class='ocrx_word' id='word_1_160' title='bbox 672 2307 758 2342; x_wconf 90' lang='lat' dir='ltr'>Ceci</span> <span class='ocrx_word' id='word_1_161' title='bbox 774 2313 830 2342; x_wconf 83' lang='lat' dir='ltr'>est</span> <span class='ocrx_word' id='word_1_162' title='bbox 847 2318 920 2340; x_wconf 89' lang='lat' dir='ltr'>une</span> <span class='ocrx_word' id='word_1_163' title='bbox 939 2318 1079 2341; x_wconf 84' lang='lat' dir='ltr'>erreur.</span> <span class='ocrx_word' id='word_1_164' title='bbox 1101 2306 1166 2340; x_wconf 88' lang='lat' dir='ltr'>Les</span> <span class='ocrx_word' id='word_1_165' title='bbox 1182 2305 1316 2340; x_wconf 82' lang='lat' dir='ltr'>croises</span> <span class='ocrx_word' id='word_1_166' title='bbox 1332 2305 1518 2351; x_wconf 75' lang='lat' dir='ltr'>passerem</span> <span class='ocrx_word' id='word_1_167' title='bbox 1536 2304 1568 2338; x_wconf 90' lang='lat' dir='ltr'>la</span> <span class='ocrx_word' id='word_1_168' title='bbox 1588 2306 1671 2339; x_wconf 88' lang='lat' dir='ltr'>nuit</span> <span class='ocrx_word' id='word_1_169' title='bbox 1687 2304 1737 2338; x_wconf 90' lang='lat' dir='ltr'>du</span> <span class='ocrx_word' id='word_1_170' title='bbox 1756 2304 1775 2338; x_wconf 89' lang='lat'><strong><em>5</em></strong></span> <span class='ocrx_word' id='word_1_171' title='bbox 1793 2316 1839 2338; x_wconf 88' lang='lat' dir='ltr'>au</span> <span class='ocrx_word' id='word_1_172' title='bbox 1855 2303 1878 2337; x_wconf 92' lang='lat'>6</span> <span class='ocrx_word' id='word_1_173' title='bbox 1890 2304 1972 2350; x_wconf 81' lang='lat' dir='ltr'>juin</span> 
     </span>
     <span class='ocr_line' id='line_1_26' title="bbox 555 2361 1974 2412; baseline -0.003 -13"><span class='ocrx_word' id='word_1_174' title='bbox 555 2378 601 2399; x_wconf 86' lang='lat' dir='ltr'>au</span> <span class='ocrx_word' id='word_1_175' title='bbox 626 2365 756 2412; x_wconf 82' lang='lat' dir='ltr'>village</span> <span class='ocrx_word' id='word_1_176' title='bbox 779 2364 981 2399; x_wconf 77' lang='lat' dir='ltr'>d&#39;Anatliot</span> <span class='ocrx_word' id='word_1_177' title='bbox 1009 2365 1179 2411; x_wconf 80' lang='lat' dir='ltr'>(nomme</span> <span class='ocrx_word' id='word_1_178' title='bbox 1204 2363 1275 2397; x_wconf 85' lang='lat' dir='ltr'>mal</span> <span class='ocrx_word' id='word_1_179' title='bbox 1293 2365 1312 2397; x_wconf 77' lang='lat' dir='ltr'>a</span> <span class='ocrx_word' id='word_1_180' title='bbox 1330 2374 1465 2409; x_wconf 86' lang='lat' dir='ltr'>propos</span> <span class='ocrx_word' id='word_1_181' title='bbox 1483 2363 1655 2397; x_wconf 73' lang='lat' dir='ltr'>Emmaus</span> <span class='ocrx_word' id='word_1_182' title='bbox 1675 2375 1741 2409; x_wconf 87' lang='lat' dir='ltr'>par</span> <span class='ocrx_word' id='word_1_183' title='bbox 1762 2361 1974 2397; x_wconf 80' lang='lat' dir='ltr'>Guillaume</span> 
     </span>
     <span class='ocr_line' id='line_1_27' title="bbox 555 2419 1974 2469; baseline -0.003 -12"><span class='ocrx_word' id='word_1_184' title='bbox 555 2422 600 2457; x_wconf 89' lang='lat' dir='ltr'>de</span> <span class='ocrx_word' id='word_1_185' title='bbox 624 2424 742 2469; x_wconf 85' lang='lat' dir='ltr'>Tyr),</span> <span class='ocrx_word' id='word_1_186' title='bbox 762 2429 799 2457; x_wconf 87' lang='lat' dir='ltr'>et</span> <span class='ocrx_word' id='word_1_187' title='bbox 819 2422 862 2456; x_wconf 90' lang='lat' dir='ltr'>ils</span> <span class='ocrx_word' id='word_1_188' title='bbox 880 2435 903 2468; x_wconf 84' lang='lat' dir='ltr'><strong>y</strong></span> <span class='ocrx_word' id='word_1_189' title='bbox 923 2429 1054 2457; x_wconf 86' lang='lat' dir='ltr'>eurent</span> <span class='ocrx_word' id='word_1_190' title='bbox 1077 2421 1111 2456; x_wconf 84' lang='lat' dir='ltr'>le</span> <span class='ocrx_word' id='word_1_191' title='bbox 1136 2421 1313 2468; x_wconf 86' lang='lat' dir='ltr'>spectaele</span> <span class='ocrx_word' id='word_1_192' title='bbox 1339 2421 1449 2455; x_wconf 83' lang='lat' dir='ltr'>d’une</span> <span class='ocrx_word' id='word_1_193' title='bbox 1474 2421 1606 2467; x_wconf 72' lang='lat' dir='ltr'>eclipse</span> <span class='ocrx_word' id='word_1_194' title='bbox 1632 2420 1677 2454; x_wconf 90' lang='lat' dir='ltr'>de</span> <span class='ocrx_word' id='word_1_195' title='bbox 1703 2420 1802 2455; x_wconf 90' lang='lat' dir='ltr'>lune.</span> <span class='ocrx_word' id='word_1_196' title='bbox 1829 2420 1880 2454; x_wconf 93' lang='lat' dir='ltr'>Ce</span> <span class='ocrx_word' id='word_1_197' title='bbox 1902 2419 1974 2454; x_wconf 84' lang='lat' dir='ltr'>lieu</span> 
     </span>
     <span class='ocr_line' id='line_1_28' title="bbox 556 2477 1975 2528; baseline -0.002 -13"><span class='ocrx_word' id='word_1_198' title='bbox 556 2487 661 2528; x_wconf 88' lang='lat' dir='ltr'>porte</span> <span class='ocrx_word' id='word_1_199' title='bbox 686 2480 914 2515; x_wconf 84' lang='lat' dir='ltr'>maintenant</span> <span class='ocrx_word' id='word_1_200' title='bbox 939 2479 971 2514; x_wconf 90' lang='lat' dir='ltr'>le</span> <span class='ocrx_word' id='word_1_201' title='bbox 998 2492 1084 2515; x_wconf 86' lang='lat' dir='ltr'>nom</span> <span class='ocrx_word' id='word_1_202' title='bbox 1109 2479 1155 2514; x_wconf 85' lang='lat' dir='ltr'>de</span> <span class='ocrx_word' id='word_1_203' title='bbox 1182 2479 1482 2514; x_wconf 82' lang='lat' dir='ltr'>Saint-Je&#39;remie.</span> <span class='ocrx_word' id='word_1_204' title='bbox 1508 2480 1559 2513; x_wconf 91' lang='lat' dir='ltr'>Ce</span> <span class='ocrx_word' id='word_1_205' title='bbox 1583 2491 1628 2513; x_wconf 87' lang='lat' dir='ltr'>ne</span> <span class='ocrx_word' id='word_1_206' title='bbox 1653 2479 1709 2513; x_wconf 86' lang='lat' dir='ltr'>sut</span> <span class='ocrx_word' id='word_1_207' title='bbox 1733 2491 1804 2526; x_wconf 87' lang='lat' dir='ltr'>que</span> <span class='ocrx_word' id='word_1_208' title='bbox 1829 2477 1918 2512; x_wconf 87' lang='lat' dir='ltr'>dans</span> <span class='ocrx_word' id='word_1_209' title='bbox 1942 2477 1975 2512; x_wconf 88' lang='lat' dir='ltr'>le</span> 
     </span>
     <span class='ocr_line' id='line_1_29' title="bbox 556 2538 1969 2586; baseline -0.003 -11"><span class='ocrx_word' id='word_1_210' title='bbox 556 2552 663 2575; x_wconf 90' lang='lat' dir='ltr'>cours</span> <span class='ocrx_word' id='word_1_211' title='bbox 683 2539 728 2575; x_wconf 90' lang='lat' dir='ltr'>de</span> <span class='ocrx_word' id='word_1_212' title='bbox 745 2540 777 2574; x_wconf 92' lang='lat' dir='ltr'>la</span> <span class='ocrx_word' id='word_1_213' title='bbox 791 2539 948 2585; x_wconf 84' lang='lat' dir='ltr'>journee</span> <span class='ocrx_word' id='word_1_214' title='bbox 962 2541 1145 2583; x_wconf 86' lang='lat' dir='ltr'>suivante,</span> <span class='ocrx_word' id='word_1_215' title='bbox 1165 2539 1274 2586; x_wconf 84' lang='lat' dir='ltr'>qu’ils</span> <span class='ocrx_word' id='word_1_216' title='bbox 1291 2540 1493 2574; x_wconf 79' lang='lat' dir='ltr'>arriverent</span> <span class='ocrx_word' id='word_1_217' title='bbox 1513 2551 1595 2573; x_wconf 85' lang='lat' dir='ltr'>sous</span> <span class='ocrx_word' id='word_1_218' title='bbox 1616 2538 1666 2572; x_wconf 88' lang='lat' dir='ltr'>les</span> <span class='ocrx_word' id='word_1_219' title='bbox 1685 2550 1786 2573; x_wconf 86' lang='lat' dir='ltr'>murs</span> <span class='ocrx_word' id='word_1_220' title='bbox 1800 2538 1845 2573; x_wconf 87' lang='lat' dir='ltr'>de</span> <span class='ocrx_word' id='word_1_221' title='bbox 1866 2539 1969 2573; x_wconf 79' lang='lat' dir='ltr'>Jeru-</span> 
     </span>
     <span class='ocr_line' id='line_1_30' title="bbox 557 2601 680 2636; baseline -0.016 0"><span class='ocrx_word' id='word_1_222' title='bbox 557 2601 680 2636; x_wconf 86' lang='lat' dir='ltr'>salem.</span> 
     </span>
    </p>

    <p class='ocr_par' dir='ltr' id='par_1_6' title="bbox 557 2656 1975 2887">
     <span class='ocr_line' id='line_1_31' title="bbox 604 2656 1974 2706; baseline -0.003 -11"><span class='ocrx_word' id='word_1_223' title='bbox 604 2662 655 2706; x_wconf 85' lang='lat'>(2)</span> <span class='ocrx_word' id='word_1_224' title='bbox 677 2661 723 2695; x_wconf 89' lang='lat' dir='ltr'>Le</span> <span class='ocrx_word' id='word_1_225' title='bbox 743 2658 848 2694; x_wconf 90' lang='lat' dir='ltr'>lundi</span> <span class='ocrx_word' id='word_1_226' title='bbox 865 2658 994 2705; x_wconf 84' lang='lat' dir='ltr'>6juin‚</span> <span class='ocrx_word' id='word_1_227' title='bbox 1012 2670 1155 2694; x_wconf 89' lang='lat' dir='ltr'>comme</span> <span class='ocrx_word' id='word_1_228' title='bbox 1169 2671 1261 2694; x_wconf 90' lang='lat' dir='ltr'>nous</span> <span class='ocrx_word' id='word_1_229' title='bbox 1281 2670 1416 2694; x_wconf 80' lang='lat' dir='ltr'>venons</span> <span class='ocrx_word' id='word_1_230' title='bbox 1434 2657 1479 2692; x_wconf 85' lang='lat' dir='ltr'>de</span> <span class='ocrx_word' id='word_1_231' title='bbox 1496 2657 1530 2691; x_wconf 93' lang='lat' dir='ltr'>le</span> <span class='ocrx_word' id='word_1_232' title='bbox 1545 2657 1646 2700; x_wconf 82' lang='lat' dir='ltr'>dire3</span> <span class='ocrx_word' id='word_1_233' title='bbox 1668 2657 1758 2691; x_wconf 89' lang='lat' dir='ltr'>mais</span> <span class='ocrx_word' id='word_1_234' title='bbox 1776 2656 1801 2691; x_wconf 90' lang='lat' dir='ltr'>il</span> <span class='ocrx_word' id='word_1_235' title='bbox 1819 2664 1873 2691; x_wconf 89' lang='lat' dir='ltr'>est</span> <span class='ocrx_word' id='word_1_236' title='bbox 1891 2669 1974 2703; x_wconf 84' lang='lat' dir='ltr'>pro—</span> 
     </span>
     <span class='ocr_line' id='line_1_32' title="bbox 557 2717 1972 2768; baseline -0.003 -13"><span class='ocrx_word' id='word_1_237' title='bbox 557 2721 663 2755; x_wconf 82' lang='lat' dir='ltr'>bable</span> <span class='ocrx_word' id='word_1_238' title='bbox 681 2733 753 2768; x_wconf 89' lang='lat' dir='ltr'>que</span> <span class='ocrx_word' id='word_1_239' title='bbox 770 2720 1087 2755; x_wconf 78' lang='lat' dir='ltr'>l&#39;investissement</span> <span class='ocrx_word' id='word_1_240' title='bbox 1110 2720 1210 2754; x_wconf 72' lang='lat' dir='ltr'>n’eut</span> <span class='ocrx_word' id='word_1_241' title='bbox 1235 2719 1308 2754; x_wconf 86' lang='lat' dir='ltr'>lieu</span> <span class='ocrx_word' id='word_1_242' title='bbox 1329 2731 1400 2767; x_wconf 90' lang='lat' dir='ltr'>que</span> <span class='ocrx_word' id='word_1_243' title='bbox 1426 2717 1459 2753; x_wconf 90' lang='lat' dir='ltr'>lc</span> <span class='ocrx_word' id='word_1_244' title='bbox 1489 2717 1696 2752; x_wconf 86' lang='lat' dir='ltr'>lendemain</span> <span class='ocrx_word' id='word_1_245' title='bbox 1722 2717 1857 2759; x_wconf 80' lang='lat' dir='ltr'>mardi,</span> <span class='ocrx_word' id='word_1_246' title='bbox 1885 2729 1972 2751; x_wconf 89' lang='lat' dir='ltr'>con—</span> 
     </span>
     <span class='ocr_line' id='line_1_33' title="bbox 559 2775 1975 2824; baseline -0.004 -9"><span class='ocrx_word' id='word_1_247' title='bbox 559 2780 780 2815; x_wconf 70' lang='lat' dir='ltr'>sol-meinent</span> <span class='ocrx_word' id='word_1_248' title='bbox 801 2792 847 2815; x_wconf 86' lang='lat' dir='ltr'>au</span> <span class='ocrx_word' id='word_1_249' title='bbox 874 2780 966 2814; x_wconf 82' lang='lat' dir='ltr'>recit</span> <span class='ocrx_word' id='word_1_250' title='bbox 992 2779 1036 2813; x_wconf 86' lang='lat' dir='ltr'>de</span> <span class='ocrx_word' id='word_1_251' title='bbox 1059 2779 1272 2814; x_wconf 82' lang='lat' dir='ltr'>Guillaume</span> <span class='ocrx_word' id='word_1_252' title='bbox 1301 2778 1345 2813; x_wconf 75' lang='lat' dir='ltr'>(le</span> <span class='ocrx_word' id='word_1_253' title='bbox 1364 2779 1451 2824; x_wconf 79' lang='lat' dir='ltr'>Tyr.</span> <span class='ocrx_word' id='word_1_254' title='bbox 1482 2778 1532 2812; x_wconf 86' lang='lat' dir='ltr'>Ce</span> <span class='ocrx_word' id='word_1_255' title='bbox 1559 2777 1649 2812; x_wconf 88' lang='lat' dir='ltr'>n’est</span> <span class='ocrx_word' id='word_1_256' title='bbox 1675 2788 1746 2823; x_wconf 82' lang='lat' dir='ltr'>que</span> <span class='ocrx_word' id='word_1_257' title='bbox 1773 2788 1811 2811; x_wconf 82' lang='lat' dir='ltr'>ce</span> <span class='ocrx_word' id='word_1_258' title='bbox 1834 2775 1975 2822; x_wconf 62' lang='lat' dir='ltr'>jour-la</span> 
     </span>
     <span class='ocr_line' id='line_1_34' title="bbox 559 2838 1314 2887; baseline -0.005 -12"><span class='ocrx_word' id='word_1_259' title='bbox 559 2852 630 2887; x_wconf 77' lang='lat' dir='ltr'>que</span> <span class='ocrx_word' id='word_1_260' title='bbox 648 2841 774 2876; x_wconf 81' lang='lat' dir='ltr'>Pierre</span> <span class='ocrx_word' id='word_1_261' title='bbox 794 2839 997 2874; x_wconf 81' lang='lat' dir='ltr'>Tudebode</span> <span class='ocrx_word' id='word_1_262' title='bbox 1015 2838 1066 2873; x_wconf 80' lang='lat' dir='ltr'>les</span> <span class='ocrx_word' id='word_1_263' title='bbox 1085 2839 1150 2873; x_wconf 84' lang='lat' dir='ltr'>fait</span> <span class='ocrx_word' id='word_1_264' title='bbox 1167 2838 1314 2872; x_wconf 79' lang='lat' dir='ltr'>arriver.</span> 
     </span>
    </p>
   </div>
  </div>
 </body>
</html>
