2033 3445
95 303 231 352 [1090]
582 299 735 337 LIBER
764 299 1013 337 OCTAVUS.
1434 301 1513 339 345

93 387 193 434 lllic
224 401 394 448 nempe
418 385 523 448 plus
547 403 690 449 quam
715 385 852 431 civile
882 384 1063 429 bellum
1104 384 1229 430 inter
1262 387 1515 448 opulentos

91 465 255 511 fratres
280 471 501 507 exortum
536 472 627 517 est,
659 471 706 507 et
736 461 943 524 maligna
977 459 1291 523 superbarum
1320 463 1516 507 aemula—

92 543 220 588 tione
244 540 500 586 mulierum
521 538 700 584 malitia
727 538 867 584 nimis
891 549 1191 603 augmentata
1213 549 1297 584 est.
1327 539 1514 585 Helvisa

93 633 296 682 namque
326 617 559 663 comitissa
589 617 658 679 (1)
688 628 853 663 contra
879 616 1107 662 lsabelem
1131 615 1189 662 (16
1214 615 1418 663 Conchis
1443 618 1515 679 (2)
1577 614 1581 618 ⁴

90 714 179 762 pro
195 693 476 760 quibusdam
491 695 845 741 contumeliosis
859 694 1018 740 verbis
1036 695 1150 740 irata
1171 704 1257 752 est,
1275 695 1519 741 comitem-

91 791 180 840 que
205 772 516 820 Guillelmum
547 772 618 835 (3)
656 790 765 819 cum
790 771 1053 818 baronibus
1078 771 1170 818 suis
1196 773 1242 817 in
1267 789 1396 817 arma
1432 788 1518 835 per

29 901 44 917 ν
92 851 210 897 iram
247 864 552 896 commovere
595 849 706 894 totis
743 847 925 894 viribus
969 858 1133 895 conata
1177 859 1261 894 est.
1309 847 1384 894 Sic
1433 865 1518 911 per

91 928 373 991 suspiciones
406 936 452 972 et
491 926 640 990 litigia
676 926 964 973 feminarum
1008 927 1055 973 in
1093 928 1256 973 surore
1296 943 1515 973 suc-censa

91 1016 198 1052 sunt
227 1004 425 1051 sortium
457 1004 599 1056 corda
633 1005 846 1052 virorum
864 1041 876 1061 ,
901 1022 1106 1069 quorum
1133 1004 1352 1051 manibus
1375 1005 1518 1068 paulo

90 1092 194 1146 post
216 1081 394 1127 multus
414 1092 581 1128 mutuo
602 1099 747 1128 cruor
766 1082 938 1128 effusus
955 1092 1024 1127 est
1040 1082 1343 1138 mortalium,
1367 1092 1414 1128 et
1433 1099 1519 1145 per

91 1161 223 1208 villas
246 1172 293 1207 et
312 1162 440 1207 vicos
464 1161 727 1206 multarum
752 1161 939 1208 incensa
966 1172 1076 1206 sunt
1096 1171 1214 1207 tecta
1240 1160 1513 1207 domorum.

91 1238 259 1286 Amhae
283 1238 529 1295 mulieres,
556 1256 662 1303 quae
688 1239 797 1284 talia
832 1238 954 1284 bella
981 1238 1195 1296 ciebant,
1227 1239 1445 1303 loquaces
1472 1249 1519 1284 et

91 1317 312 1363 animosae
347 1334 399 1363 ac
434 1316 585 1363 forma
632 1317 870 1380 elegantes
910 1329 1069 1374 erant,
1113 1318 1298 1382 suisque
1335 1317 1518 1362 maritis

91 1394 414 1458 imperabant,
441 1392 653 1440 subditos
686 1393 902 1440 homines
936 1393 1247 1458 premebant,
1285 1394 1517 1458 xariisque

90 1471 241 1519 modis
264 1471 527 1518 terrebant.
558 1471 730 1535 Magna
753 1482 911 1518 tamen
947 1473 993 1518 in
1027 1471 1198 1518 eisdem
1225 1490 1417 1519 morum
1440 1473 1514 1518 (Ιί-

92 1551 283 1598 versitas
317 1561 434 1596 erat.
461 1550 648 1596 Ilelvisa
680 1549 872 1614 quidem
905 1550 1051 1596 solers
1089 1562 1189 1596 erat
1214 1562 1261 1597 ct
1290 1549 1514 1607 facunda,

91 1626 168 1674 sed
194 1638 333 1674 atrox
358 1637 405 1673 et
428 1645 583 1673 avara.
613 1625 760 1673 Isabel
784 1644 899 1673 vero
924 1626 1113 1690 dapsilis
1136 1638 1182 1673 et
1203 1626 1352 1673 audax
1378 1639 1518 1692 atque

86 1705 269 1769 jocosa,
300 1703 499 1769 ideoque
519 1703 837 1751 coessentibus
866 1703 1081 1750 amabilis
1106 1716 1151 1750 et
1175 1715 1325 1768 grata.
1355 1706 1408 1750 Iu
1433 1722 1517 1750 ex—

91 1783 330 1847 peditione
358 1784 482 1829 inter
509 1783 706 1839 milites,
735 1794 788 1829 ut
813 1783 948 1828 miles
975 1782 1219 1846 equitabat
1240 1794 1443 1839 armata,
1472 1794 1518 1830 et

91 1860 298 1908 loricatis
318 1860 556 1926 equitibus
576 1879 629 1907 ac
652 1861 892 1924 spiculatis
916 1860 1198 1907 satellitibus
1216 1878 1316 1907 non
1337 1861 1516 1907 minori

91 1939 345 2004 praestabat
368 1939 585 1994 audacia,
613 1957 757 2003 quam
780 1937 921 1985 decus
946 1939 1094 1985 Italiae
1119 1939 1270 1985 Turni
1292 1940 1517 2003 manipu-

90 2015 269 2063 laribus
300 2017 439 2081 virgo
471 2016 685 2062 Camilla.
725 2015 1062 2062 AEmulabatur
1091 2015 1442 2080 Lampedonem
1472 2028 1518 2062 et

91 2093 409 2157 Marseppiam
428 2129 442 2150 ,
492 2092 783 2156 Hippolyten
829 2104 876 2139 et
920 2091 1231 2140 Pentesileam
1249 2130 1260 2147 ‚
1310 2093 1516 2157 aliasque

91 2172 277 2236 reginas
325 2170 621 2218 Amazonum
663 2169 956 2228 bellatrices,
1006 2188 1211 2235 quarum
1258 2172 1517 2217 certamina

91 2249 342 2313 Pompeius
377 2250 564 2314 Trogus
607 2260 653 2295 ct
687 2250 822 2295 Maro
855 2249 1084 2313 Virgilius
1127 2250 1364 2306 referunt,
1406 2249 1516 2295 alii-

92 2344 182 2392 que
213 2327 522 2375 historiarum
551 2328 830 2391 scriptore53
859 2327 1032 2392 quibus
1062 2328 1363 2374 attinuerunt
1391 2327 1515 2374 Asiae

140 2519 191 2562 (1)
211 2517 376 2559 Helvise,
402 2517 472 2551 fille
494 2518 539 2552 (16
558 2517 790 2559 Guillaume,
813 2524 933 2552 cointe
951 2517 996 2551 (16
1019 2517 1153 2552 chers
1167 2545 1176 2560 ,
1196 2518 1329 2552 semme
1346 2517 1392 2552 dc
1408 2517 1517 2552 Guil-

95 2574 230 2619 lemme,
252 2583 372 2611 comte
390 2571 585 2619 (Μῖνι-ουκ,
608 2583 759 2610 mourut
776 2589 820 2610 cn
844 2590 854 2610 1
870 2579 944 2618 ¹¹4·

143 2636 193 2680 (2)
214 2635 363 2670 Isabclle
383 2648 428 2669 ou
453 2627 637 2670 Elisabeth
662 2635 707 2669 dc
731 2636 1129 2676 Rlontlort—l'Aniauri,
1154 2636 1225 2671 fille
1249 2636 1293 2671 (16
1312 2637 1439 2671 Simon
1459 2637 1514 2678 l“‚

97 2694 266 2741 seigneur
283 2694 329 2730 de
347 2695 547 2737 Montsort,
569 2696 702 2730 scunnc
722 2694 767 2729 de
789 2695 921 2737 Raoul,
944 2695 1136 2731 ‹leuxii-mc
1154 2695 1203 2731 du
1222 2709 1324 2734 nom,
1346 2697 1517 2741 sciguvui*

98 2751 142 2787 (16
160 2753 328 2788 Conchcs
348 2761 385 2787 ct
404 2754 449 2788 (lc
469 2754 599 2788 Tomi.

143 2812 195 2859 (3)
214 2813 446 2857 Guillaumo,
468 2822 586 2849 comto
606 2807 796 2847 (ΓΙᾸᾏνιίἹικ.
