2033 3445
87 277 197 325 [596]
586 272 735 310 LIBER
766 271 971 310 SEXTUS.
1430 276 1479 311 st

85 373 152 408 est
175 362 233 408 de
256 375 478 424 corpore,
504 375 706 423 moxque
730 368 856 404 tauta
881 358 1090 404 claritate
1111 358 1280 403 enituit
1300 360 1478 416 vultus,

87 450 137 485 ut
173 439 288 487 nulli
322 436 518 483 dubium
552 436 667 500 quin
705 434 1021 499 triumpharet
1051 434 1172 480 liber
1205 434 1395 497 spiritus
1432 437 1479 483 in

86 514 368 562 coelestibus.
395 513 620 576 Migravit
640 522 796 558 autem
818 530 841 557 a
863 512 1034 558 saeculo
1053 521 1118 558 1v⁰
1140 511 1233 557 kal.
1254 512 1479 576 januarii,

86 604 293 655 tempore
316 587 572 636 Rodoberti
598 589 826 653 Sagiensis
848 589 1077 652 episcopi,
1112 605 1239 634 anno
1266 588 1483 636 videlicet

83 677 170 714 ΧΠο
208 666 339 730 regni
378 665 499 729 regis
539 664 827 712 Childeberti
863 667 951 729 (ι).
984 665 1135 725 Quem
1173 666 1338 712 fratres
1376 682 1482 712 cum

80 761 247 808 magna
286 742 549 789 reverentia
590 742 637 788 in
678 742 919 789 ecclesiam
958 741 1259 805 deportantes
1276 778 1289 798 ,
1334 742 1483 789 tribus

77 820 238 867 diebus
271 838 322 867 ac
349 819 569 866 noctibus
605 818 802 883 hymnos
832 837 884 866 ac
916 819 1070 866 laudes
1098 820 1198 867 Deo
1234 831 1478 877 canentes,

76 909 282 945 sanctum
314 897 436 944 illius
464 914 636 960 eorpus
666 896 918 961 diligenter
945 897 1029 943 visi
1059 908 1168 943 sunt
1198 896 1478 955 custodisse,

75 988 368 1043 expectantes
387 988 673 1025 conventum
695 994 939 1025 servorum
959 978 1064 1024 Dei.
1093 978 1346 1042 Postquam
1370 995 1485 1024 vero

75 1066 368 1120 compertum
391 1067 458 1102 est
476 1056 521 1102 in
543 1055 768 1119 praedicta
786 1056 972 1102 civitate
989 1058 1056 1118 (2)
1076 1058 1319 1102 excessisse
1343 1056 1482 1102 rebus

76 1133 288 1179 humanis
313 1133 657 1180 consolatorem
678 1134 820 1180 totius
843 1134 1030 1197 patriae,
1056 1144 1351 1181 concurrunt
1373 1152 1481 1180 om-

75 1227 155 1256 nes
174 1210 231 1256 ad
251 1210 588 1257 monasterium
602 1246 615 1267 ‚
641 1210 779 1257 beato
797 1211 948 1257 funeri
970 1210 1315 1274 congaudentes
1338 1212 1481 1257 inter-

76 1304 187 1334 esse.
209 1287 612 1334 Lamentabantur
630 1305 818 1352 quoque
837 1305 1062 1351 pauperes
1083 1305 1247 1334 verum
1267 1289 1349 1335 Dei
1374 1307 1482 1352 pau-

77 1382 263 1428 perem,
295 1364 460 1411 divites
489 1364 707 1423 divitem,
743 1366 875 1428 pueri
901 1376 1107 1428 patrem,
1143 1382 1272 1411 senes
1302 1382 1476 1412 senem.

74 1442 334 1489 Commune
354 1457 554 1506 namque
569 1440 750 1488 bonum
768 1441 1007 1498 omnibus,
1027 1443 1200 1488 merito
1217 1444 1480 1488 communis

74 1516 337 1565 habebatur
361 1517 524 1564 luctus.
548 1539 572 1563 »

135 1596 356 1642 «Verum
384 1595 498 1641 illud
531 1597 714 1659 pietatis
745 1598 950 1662 insigne,
983 1598 1110 1663 quod
1144 1600 1218 1645 vir
1250 1600 1479 1663 piissimus

73 1675 195 1720 inter
213 1683 380 1720 caetera
398 1674 509 1738 egit,
525 1674 623 1738 jam
638 1675 797 1721 fruens
811 1686 985 1722 aeterna
1009 1676 1127 1732 luce,
1153 1694 1249 1723 non
1271 1677 1481 1723 arbitror

72 1750 318 1798 tacendum
341 1768 452 1798 esse.
482 1751 681 1811 Quidam
706 1770 910 1817 namque
933 1770 988 1799 ex
1011 1752 1477 1819 s1·atribus,·religio-

72 1829 143 1875 nis
167 1839 214 1874 et
235 1828 515 1876 obedieutiae
541 1831 688 1893 gratia
713 1831 1010 1894 perspicuus,
1039 1831 1085 1877 in
1115 1833 1213 1895 ipso
1240 1844 1479 1879 monaste—

73 1907 146 1953 rio
175 1906 427 1963 serviebat,
459 1906 658 1954 diaconii
686 1908 824 1954 titulo
847 1907 1141 1955 sublimatus.
1175 1910 1325 1969 Quem
1347 1921 1480 1973 pater

117 2053 167 2097 (i)
183 2052 279 2087 Lisez
297 2068 302 2086 c
322 2052 509 2087 Clotharii.
527 2054 573 2087 Le
588 2054 786 2088 manuscrit
798 2053 843 2089 de
856 2046 1126 2090 saint-Evroult
1141 2062 1244 2102 porte
1259 2072 1263 2089 :
1281 2056 1475 2093 Ildeberts,

74 2111 163 2145 mais
178 2123 216 2145 cc
230 2118 308 2146 mot
323 2124 341 2145 a
355 2113 412 2145 cte
428 2111 607 2146 substitue
621 2113 694 2146 tres
707 2113 1004 2156 anciennemeut,
1025 2121 1061 2147 et
1080 2115 1262 2160 peut-etror
1283 2115 1401 2148 meme
1417 2114 1478 2149 (165

73 2169 237 2217 l’epoque
253 2169 298 2203 de
315 2169 346 2203 la
365 2170 519 2204 revision
538 2170 721 2216 primitive
737 2170 786 2205 du
803 2178 917 2214 texte,
938 2174 956 2206 a
975 2184 1046 2206 une
1063 2172 1164 2219 lecon
1183 2172 1400 2219 precedente
1416 2176 1477 2220 qui

75 2230 208 2274 portait
226 2229 501 2276 probablenient
521 2245 526 2262 :
551 2229 737 2264 Clotharii.
760 2230 790 2264 It
809 2232 924 2277 parait
943 2239 1109 2266 constant
1129 2244 1173 2266 cn
1195 2232 1279 2267 ctt'et
1295 2245 1366 2280 que
1387 2233 1477 2267 saint

76 2280 222 2322 ssvroult
239 2295 389 2322 mourut
406 2288 438 2322 le
458 2299 502 2334 29
521 2287 714 2322 decembre
731 2287 818 2336 596,
838 2289 927 2324 dans
944 2290 976 2324 la
997 2292 1347 2338 quatre-vingticme
1366 2294 1479 2326 aunci-

72 2347 116 2381 de
134 2358 196 2381 son
217 2348 300 2394 age,
323 2348 385 2394 qui
411 2348 497 2382 etait
519 2347 550 2381 la
571 2347 758 2383 douzieme
780 2348 825 2383 de
844 2349 1002 2385 Clotaire
1025 2351 1079 2393 ΙΙ,
1103 2359 1140 2386 et
1164 2351 1195 2386 la
1214 2353 1414 2397 vingtii’me
1434 2353 1478 2386 (1(Ι

73 2404 285 2440 Childebert
310 2406 363 2448 II,
391 2406 444 2439 roi
472 2405 695 2440 d’Ausu-asie
718 2405 783 2450 (25
809 2407 1001 2442 decembre
1026 2409 1216 2456 575-596).
1245 2411 1289 2444 La
1316 2412 1476 2445 mention

74 2464 156 2498 saite
175 2464 218 2498 ici
237 2464 281 2498 de
300 2464 457 2507 Robert,
477 2465 612 2512 e'veque
628 2465 673 2500 de
692 2466 776 2501 Se'ez
798 2467 1038 2514 (584-628?),
1059 2477 1114 2504 cst
1129 2470 1159 2504 la
1179 2470 1276 2505 seule
1292 2477 1389 2505 trare
1408 2484 1479 2518 qn(-

73 2535 112 2556 ce
132 2523 246 2568 prelat
265 2525 316 2558 ait
333 2524 457 2559 laissee
475 2524 563 2558 (lans
580 2525 772 2560 l’bistoire.

119 2582 168 2626 (2)
187 2583 235 2618 Ce
253 2590 329 2617 mot
352 2591 405 2618 est
425 2584 498 2630 pris
517 2584 605 2619 dans
623 2585 834 2632 l'acception
855 2587 900 2621 de
923 2589 1108 2624 territoirc
1130 2589 1179 2623 du
1203 2589 1364 2632 diocese,
1385 2591 1479 2624 aton-s

69 2640 253 2688 beaucoup
277 2642 358 2689 plus
374 2643 509 2678 etendu
530 2657 607 2678 vers
628 2645 660 2679 le
679 2645 771 2679 nord
795 2646 883 2693 ‹111⁷il
904 2660 948 2681 ne
976 2648 1017 2683 l'a
1042 2651 1099 2683 ete
1121 2649 1251 2695 depuis
1270 2650 1300 2684 la
1325 2652 1478 2684 reunion

68 2712 111 2733 au
137 2700 278 2736 diocese
304 2702 348 2737 de
376 2703 533 2745 Lisieux,
557 2704 602 2739 de
630 2712 730 2740 toute
761 2705 791 2739 ta
821 2709 967 2741 contree
989 2708 1196 2755 dependant
1218 2710 1262 2743 «16
1289 2710 1317 2743 la
1347 2701 1479 2744 famini)

68 2759 196 2793 (liroie
213 2767 249 2794 et
266 2760 309 2794 dc
333 2773 384 2795 scs
406 2764 505 2796 amis.

168 2836 232 2863 ιιι.
1252 2831 1281 2871 (j
