2085 3455
560 312 613 351 64
923 312 1166 351 HISTORIA
1197 313 1594 354 ecetssslAsTmA.
1742 315 1957 363 [560-59o]

559 400 607 445 in
659 398 788 446 bono
829 416 996 464 opere,
1034 402 1302 464 exemplum
1347 401 1480 448 fieret
1516 402 1694 447 caeteris
1732 401 1957 465 regularis

558 474 835 539 disciplinae.
861 476 949 537 Qui
972 477 1079 523 licet
1106 476 1408 524 vehementer
1441 477 1626 524 arderet
1648 477 1776 523 adire
1808 494 1959 523 remo-

559 555 690 601 tioris
721 554 889 600 deserti
920 556 1044 612 loca,
1081 567 1127 601 et
1163 555 1410 602 hominum
1434 555 1668 602 declinare
1697 555 1954 611 consortia,

557 632 854 695 prudentiori
891 643 1047 678 tamen
1089 633 1284 679 consilio
1315 633 1594 679 deliberavit
1620 650 1826 696 praesens
1853 649 1959 695 pro-

555 709 680 756 desse
723 710 973 767 exercitui,
1017 712 1144 774 cujus
1176 710 1270 756 dux
1309 721 1448 775 atque
1484 712 1705 774 magister
1741 710 1960 756 extiterat

555 788 803 851 propositi.
836 787 1047 833 Metuens
1078 787 1319 844 videlicet,
1345 789 1379 833 si
1414 804 1459 833 se
1482 787 1773 833 fundamenti
1797 797 1958 833 auctor

556 865 877 922 subtraheret,
902 882 1018 929 opus
1037 864 1217 911 aedificii
1244 876 1440 928 propter
1455 865 1715 911 novitatem
1738 864 1960 927 aliquate-

555 960 641 988 nus
660 943 924 999 vacillaret,
948 941 1243 1005 praecavebat
1262 960 1321 989 ne
1336 979 1347 999 ,
1368 941 1480 988 dum
1504 942 1589 988 sibi
1615 942 1772 988 locum
1790 942 1958 1005 quietis

553 1019 852 1083 provideret,
891 1020 992 1065 aliis
1029 1019 1369 1065 detrimentum
1403 1021 1542 1066 foret.¹
1591 1019 1801 1066 Persistit
1845 1035 1957 1081 ergo

551 1098 771 1160 princeps
796 1097 1082 1160 agonizantis
1111 1098 1183 1160 (i)
1210 1098 1460 1151 exercitus,
1480 1109 1526 1144 et
1552 1098 1599 1143 in
1628 1098 1723 1144 acie
1748 1107 1801 1142 ut
1825 1096 1957 1141 miles

551 1192 787 1238 pugnanS,
814 1185 861 1220 et
892 1185 1020 1220 extra
1057 1175 1204 1220 aciem
1241 1186 1292 1220 ut
1318 1175 1451 1222 fortis
1488 1176 1657 1222 ductor
1693 1192 1779 1238 per
1811 1175 1959 1219 incre-

549 1261 706 1296 menta
730 1251 962 1296 virtutum
991 1266 1085 1296 sese
1108 1250 1394 1313 proferendo
1423 1251 1696 1296 sublimans.
1726 1251 1864 1314 Cujus
1889 1267 1958 1295 cen

551 1326 803 1374 leberrima
827 1328 1084 1372 sanctitatis
1104 1328 1266 1390 opinio
1291 1328 1518 1390 plurimas
1542 1345 1823 1391 percurrens
1853 1344 1958 1389 pro-

550 1406 748 1462 vincias,
773 1405 830 1451 ad
854 1404 1057 1468 ejusdem
1075 1406 1374 1469 professionis
1400 1406 1694 1468 (luctamen)
1718 1406 1786 1468 (a)
1806 1405 1957 1451 felices

550 1493 596 1528 et
632 1493 865 1539 strenuas,
900 1482 1143 1546 Deumque
1176 1492 1436 1528 metuentes
1469 1499 1687 1545 personas
1722 1482 1952 1528 illexerat.

549 1558 820 1604 Tradebant
847 1570 1003 1605 autem
1032 1559 1169 1605 beato
1194 1559 1299 1605 viro
1322 1557 1510 1616 domm,
1547 1558 1723 1622 praedia
1740 1594 1751 1614 ,
1785 1575 1958 1621 posses-

547 1636 698 1681 siones
716 1646 762 1681 et
778 1635 972 1680 familias
986 1672 997 1691 ,
1021 1646 1240 1699 rogantes
1261 1646 1312 1681 ut
1340 1635 1403 1681 eis
1423 1636 1705 1682 monasteria
1735 1634 1955 1681 aedificari

546 1714 851 1776 praeciperet,
875 1724 921 1759 et
939 1712 1156 1759 ordinem
1175 1730 1315 1776 quem
1339 1713 1480 1759 vellet
1499 1714 1607 1759 vitae
1629 1713 1773 1760 solers
1796 1722 1957 1775 pastor

548 1792 831 1855 imponeret.
863 1792 1080 1851 Quorum
1111 1790 1421 1854 petitionibus
1451 1792 1526 1836 vir
1558 1802 1740 1837 sanctus
1770 1790 1957 1854 adquie-

546 1870 638 1925 vit,
661 1880 707 1915 et
729 1886 792 1915 xv
815 1869 1098 1915 monasteria
1119 1869 1331 1914 virorum
1354 1885 1434 1914 seu
1452 1870 1707 1916 mulierum
1733 1868 1956 1931 regulari-

546 1958 618 1992 ter
648 1947 874 2003 instituit,
912 1957 958 1992 et
994 1947 1187 2010 singulis
1224 1946 1566 2010 probatissimae
1595 1949 1704 1992 vitee
1735 1962 1955 2009 personas

544 2026 770 2089 praefecit.
813 2026 914 2088 Ipse
946 2035 1100 2070 autem
1133 2025 1331 2088 proprio
1363 2025 1612 2077 coenobio,
1657 2023 1785 2089 quod.
1824 2024 1955 2087 prius

544 2101 857 2148 aedificaverat
879 2101 1116 2165 (praefuit)
1143 2102 1231 2164 (3),
1261 2102 1305 2146 in
1327 2118 1423 2166 quo
1441 2103 1618 2166 jugiter
1642 2102 1688 2146 in
1711 2102 1793 2146 Dei
1813 2101 1955 2145 servi-

548 2180 611 2225 tio
630 2180 911 2242 permansit,
934 2179 1187 2226 exhortans
1210 2181 1375 2226 fratres
1400 2200 1424 2224 «
1439 2180 1495 2226 ad
1515 2180 1681 2226 altiora
1704 2177 1948 2242 progredi,

543 2268 590 2303 et
615 2258 945 2320 pertimescere
978 2257 1292 2304 multiformes
1320 2258 1506 2305 insidias
1538 2257 1731 2304 diaboli.
1767 2277 1787 2300 »
1814 2257 1953 2302 Fama

543 2335 798 2380 sanctitatis
824 2335 940 2381 tanti
973 2337 1118 2399 patris
1149 2337 1366 2399 pervenit
1403 2336 1459 2382 ad
1497 2353 1628 2382 aures
1655 2336 1949 2398 principum,

544 2413 623 2477 qui
647 2413 941 2476 temporibus
966 2414 1056 2459 illis
1073 2415 1202 2461 frena
1226 2415 1361 2478 regni
1382 2424 1608 2460 rexerunt
1635 2413 1948 2469 Francorum,

542 2491 621 2555 qui
642 2508 794 2554 nuper
817 2491 1030 2538 submissi
1049 2494 1235 2539 fuerant
1257 2493 1349 2539 leni
1364 2494 1478 2557 jugo
1495 2492 1890 2538 Christianorum.

587 2644 637 2688 (1)
656 2642 902 2677 Combattant.
919 2643 1016 2679 C‘est
1028 2643 1116 2677 dans
1135 2657 1174 2678 ce
1195 2656 1275 2678 sens
1293 2644 1403 2691 qu'on
1422 2643 1477 2677 dit
1497 2634 1641 2690 l’Eglise
1662 2643 1855 2678 militante.

586 2702 636 2746 (9.)
653 2702 711 2736 Au
730 2701 801 2736 lieu
817 2702 863 2737 de
881 2715 920 2736 ce
935 2710 1028 2746 mot,
1050 2715 1097 2737 on
1110 2710 1235 2738 trouve
1249 2704 1336 2738 dans
1355 2704 1387 2737 la
1405 2702 1558 2749 legende
1578 2702 1755 2747 originale
1770 2718 1775 2736 ·.
1794 2703 1942 2743 luctam,

540 2761 603 2807 qui
621 2772 639 2794 a
657 2760 689 2794 le
704 2760 823 2795 meme
841 2772 934 2795 sens.

588 2819 637 2865 (3)
654 2821 816 2855 Praees-se
836 2821 1001 2856 decrevit
1023 2823 1128 2856 (Mss.
1150 2823 1250 2857 Bocc.
1272 2831 1307 2857 et
1326 2823 1482 2867 Conch.)
