2085 3455
515 268 594 305 616
805 266 1048 305 HISTORIA
1079 267 1484 307 ECCLESIASTICA.
1518 270 1917 319 [xo-x1v0xne.1o99]

516 362 656 409 runt,
682 361 730 398 et
750 351 934 399 duobus
957 369 1012 399 ex
1038 353 1145 417 ipsis
1170 353 1498 417 apprehensis,
1525 370 1671 418 usque
1694 353 1752 400 ad
1778 370 1918 401 exer-

515 430 663 476 citum
686 447 824 476 suum
846 431 1142 494 fugaverunt.
1165 431 1438 488 Christiani,
1459 442 1565 496 post
1584 431 1720 478 illum
1745 448 1918 478 excur-

513 524 616 553 sum
634 505 691 553 ad
709 517 858 553 castra
876 509 1079 565 reversi,
1101 519 1240 556 nocte
1260 509 1338 555 illa
1356 509 1664 573 quieverunt,
1685 508 1775 554 nisi
1791 508 1919 572 quod

513 584 669 647 potius
711 601 872 632 omnes
911 585 1117 632 excubiis
1158 597 1205 633 et
1243 585 1538 633 orationibus
1579 586 1912 633 incubuerunt.

513 662 629 709 Sero
651 662 808 726 palam
830 663 1049 710 omnibus
1074 682 1099 711 a
1132 663 1393 728 patriarcha
1431 662 1735 710 interdictum
1758 673 1826 710 est
1857 680 1917 710 ne

513 740 640 804 quis,
681 741 727 787 in
763 741 1022 787 crastinum
1053 753 1373 806 pugnaturus,
1399 753 1506 788 ante
1542 740 1721 788 bellum
1758 740 1917 804 spoliis

513 817 745 864 ullatenus
772 815 1040 864 intenderet
1062 817 1355 881 diripiendis·

578 894 731 940 XVII.
748 894 855 940 Sole
868 904 996 951 orto,
1013 893 1165 958 pridie
1181 894 1281 941 idus
1293 896 1473 959 augusti
1490 896 1581 958 (1),
1601 912 1727 942 sacra
1744 893 1916 941 Christi

512 970 681 1018 cohors
698 970 871 1016 vallem
895 987 1024 1017 secus
1044 988 1190 1027 mare,
1210 972 1413 1018 'formosa
1434 972 1628 1034 planitie
1648 982 1915 1028 venustam,

512 1048 731 1104 intravit,
768 1058 815 1094 et
849 1048 945 1095 illic
974 1065 1053 1095 sex
1095 1050 1214 1096 acies
1254 1047 1510 1096 ordinavit.
1548 1048 1648 1095 Rex
1685 1059 1732 1095 et
1763 1065 1918 1096 comes

510 1125 900 1172 Normannorum
917 1161 929 1181 ‚
968 1124 1252 1183 Tolosanus,
1282 1124 1582 1171 Flandrensis
1609 1134 1656 1171 et
1683 1124 1914 1180 Guaston‚

511 1202 787 1249 Eustachius
834 1212 881 1249 et
927 1201 1198 1249 Tancredus
1215 1239 1228 1261 ,
1279 1203 1447 1249 turmis
1500 1202 1794 1266 praefuerunt
1810 1238 1822 1259 ‚
1872 1212 1919 1248 et

510 1280 831 1345 unusquisque
869 1280 1133 1344 sagittarios
1164 1280 1435 1344 peditesque
1465 1297 1571 1326 suos
1605 1280 1804 1327 solerter
1840 1279 1919 1325 in-

510 1358 700 1404 struxit.
734 1356 850 1421 Ipsis
873 1357 1029 1421 itaque
1048 1358 1328 1421 praemissis,
1358 1356 1647 1421 pedetentim
1672 1366 1919 1421 pergentes

510 1435 771 1483 edocebant
806 1435 1009 1500 qualiter
1043 1436 1387 1492 occlamarent,
1419 1435 1620 1499 qualiter
1647 1434 1913 1491 obstarent,

509 1514 714 1578 qualiter
732 1513 1115 1576 impenetrabiles
1133 1514 1347 1560 inimicos
1364 1512 1575 1560 feriendo
1593 1523 1915 1576 penetrarent,

510 1609 563 1637 ac
587 1601 640 1637 ut
661 1589 718 1637 ad
740 1608 818 1636 sua
843 1590 971 1654 signa
994 1590 1115 1636 nihil
1140 1601 1408 1637 reverentes
1430 1592 1704 1654 frequenter
1723 1590 1920 1653 respice-

510 1679 643 1726 rent,
675 1678 722 1714 et
750 1668 922 1730 seipsos
954 1667 1011 1714 ad
1041 1668 1157 1714 ictus
1182 1667 1371 1715 hostiles
1393 1667 1683 1714 sufferendos
1705 1666 1916 1714 obdura—

509 1756 645 1804 rent,
679 1746 789 1792 licet
811 1744 911 1791 haec
933 1745 1092 1792 omnia
1117 1745 1165 1791 in
1189 1745 1290 1792 aliis
1311 1744 1448 1791 bellis
1477 1744 1597 1792 bene
1630 1745 1768 1810 gestis
1797 1743 1916 1791 didi-

509 1832 696 1869 eissent.

571 1901 670 1948 Nec
694 1901 850 1948 minus
874 1919 899 1949 e
921 1902 1116 1966 regione
1135 1901 1334 1965 gentiles
1351 1901 1584 1947 cuneatim
1607 1900 1750 1946 stellis
1774 1900 1913 1946 innu-

505 1978 832 2026 merabiliores
866 1977 1201 2034 densabantur,
1239 1988 1286 2023 et
1316 1994 1401 2040 per
1433 1977 1618 2041 agmina
1652 1977 1914 2022 innumerae

504 2057 714 2121 legiones
749 2074 773 2101 a
808 2055 954 2101 latere
991 2055 1039 2101 in
1081 2055 1200 2101 latus
1239 2053 1632 2100 extendebantur.
1669 2052 1914 2116 AEthiopes

502 2145 661 2186 autem
691 2132 1046 2197 praemiserunt,
1081 2148 1198 2196 quos
1228 2131 1275 2176 in
1301 2131 1406 2177 loco
1429 2140 1716 2187 statuerunt,
1743 2145 1914 2193 eosque

501 2212 727 2258 immotos
750 2226 943 2256 manere
959 2208 1324 2256 mandaverunt.
1347 2209 1424 2265 Hi,
1448 2206 1646 2272 genibus
1672 2206 1804 2253 humi
1827 2206 1913 2253 de·-

500 2288 632 2345 fixis,
664 2288 832 2335 dextro
855 2297 1013 2333 tamen
1035 2286 1323 2350 postposito,
1352 2284 1583 2331 ancilibus
1607 2301 1807 2348 corpora
1835 2301 1911 2330 su-

544 2471 595 2514 (ι)
615 2468 662 2503 Le
681 2466 857 2502 vendi-edi
880 2478 919 2500 12
941 2466 1040 2501 aout.
1059 2467 1117 2500 Au
1136 2465 1208 2500 lieu
1231 2465 1275 2500 de
1296 2471 1391 2499 cette
1411 2464 1509 2507 (late,
1533 2463 1616 2498 lisez
1638 2479 1643 2496 ε
1665 2463 1697 2497 le
1716 2463 1910 2498 dimanche

498 2531 538 2571 14
563 2529 660 2563 aofit.
691 2528 805 2562 Notre
831 2533 973 2569 auteur⁷
1001 2527 1104 2573 apres
1128 2537 1219 2559 nous
1243 2525 1342 2559 avoir
1364 2524 1463 2571 pai-le
1486 2523 1530 2557 de
1553 2524 1605 2557 six
1626 2534 1731 2569 corps
1752 2522 1910 2557 d'armee

492 2587 718 2628 seulement,
742 2598 834 2620 nous
856 2585 994 2631 signale
1014 2592 1094 2631 sept
1115 2585 1229 2619 chess.
1248 2584 1279 2618 Il
1299 2584 1414 2631 pai-ait
1434 2595 1505 2630 que
1525 2582 1558 2617 le
1577 2582 1782 2629 cinquieme
1804 2594 1909 2628 corps

492 2647 552 2681 sut
568 2645 668 2693 place
682 2656 765 2679 sous
782 2644 832 2678 les
848 2644 975 2679 ordres
989 2643 1221 2686 d'Eustache,
1243 2649 1361 2677 comte
1378 2642 1422 2676 de
1437 2641 1639 2687 Boulogne‚
1660 2647 1697 2675 et
1711 2640 1743 2674 le
1760 2641 1908 2674 sixieme

488 2718 571 2741 sous
606 2718 695 2740 ceux
723 2704 767 2739 de
794 2704 983 2739 Tancredc
1012 2711 1046 2738 ct
1076 2703 1120 2738 de
1147 2703 1288 2738 Gastou
1318 2703 1457 2742 sennis,
1489 2713 1628 2735 comme
1655 2702 1672 2733 a
1703 2699 1734 2734 la
1764 2699 1909 2735 bataillc

485 2766 553 2801 (ΡΑ
564 2765 723 2800 ntioche.
