2033 3445
68 296 203 346 [1088]
545 292 698 329 Lissiffl
728 289 975 328 OCTAx'Us.
1394 291 1472 330 303

66 378 327 429 exercebat.
364 377 485 423 Nam
520 378 621 434 ille,
650 379 730 441 qui
755 393 875 439 pene
901 391 1066 422 omnes
1097 376 1473 438 comprimebat,

65 473 224 504 omnes
246 455 559 502 nihilominus
582 452 852 510 metuebat,
882 451 1080 517 ideoque
1102 451 1348 516 publicum
1369 471 1478 500 cer-

67 546 217 580 tamen
253 551 360 579 cum
401 532 534 579 hoste
580 532 795 578 cominus
834 547 971 595 agere
1020 547 1118 577 non
1162 529 1383 576 audebat.
1422 532 1474 576 In

66 609 406 658 munitionibus
433 611 576 674 igitur
596 611 688 655 suis
714 608 879 656 callide
899 608 1137 665 latitabat,
1165 619 1210 654 et
1230 608 1479 671 praedones

65 689 324 736 discurrere
345 705 430 751 per
454 688 569 734 lines
590 704 695 733 suos
717 688 999 750 plerumque
1022 703 1234 732 moerens
1267 685 1475 743 sinebat,

65 781 149 811 nec
184 762 374 811 obviam
417 762 700 826 procedere,
735 762 949 827 quzunvis
983 762 1168 808 militiae
1202 762 1480 808 'fortissimus

65 852 200 899 esset,
227 840 562 905 praesumebat.
598 839 804 885 Callidus
838 840 965 885 enim
1003 838 1302 902 praecavebat
1326 856 1412 896 ne,
1442 840 1478 884 si

65 918 445 983 progrederetur,
478 936 500 963 a
524 918 790 964 domesticis
817 917 908 963 suis
942 917 987 963 in
1019 915 1238 962 manibus
1269 915 1479 962 hostium

63 997 427 1061 relinqueretur.
449 996 523 1042 Sic
552 996 689 1059 longa
723 995 778 1041 lis
800 995 925 1040 inter
956 994 1072 1041 ‹luos
1099 1005 1317 1056 potentes
1345 1012 1479 1040 mar—

64 1073 227 1120 chisios
259 1073 560 1137 perduravit,
591 1084 635 1118 et
666 1073 814 1118 multa
841 1072 1039 1118 subditis
1073 1071 1357 1118 detrimenta
1385 1089 1475 1118 cae—

62 1152 230 1217 desque
256 1153 515 1217 generavit.
544 1152 634 1197 Par
660 1151 879 1215 equidem
904 1138 1139 1197 malorum
1176 1150 1324 1196 fomes
1354 1150 1479 1196 inter

61 1230 170 1277 alios
194 1247 416 1294 proceres
454 1229 664 1293 undique
701 1246 786 1292 per
818 1229 1164 1275 Normanniam
1196 1228 1473 1291 pullulavit,

62 1318 106 1354 et
129 1325 379 1354 enormem
403 1307 633 1371 tragoedis
660 1307 944 1370 'farraginem
975 1306 1277 1369 praeparavit.

123 1385 205 1433 VI.
234 1385 515 1432 Perturbata
543 1386 752 1449 undique
779 1402 1032 1447 procerum
1061 1383 1258 1448 turgidis
1282 1383 1478 1431 seditio—

63 1462 199 1510 nibus
225 1464 443 1510 Neustria
475 1463 561 1509 sub
595 1464 729 1509 molli
755 1463 995 1526 principe,
1022 1462 1321 1526 pacificisque
1354 1462 1478 1508 inter

65 1541 277 1588 incendia
317 1541 598 1605 crebrasque
634 1540 1008 1603 depraedationes
1040 1538 1337 1603 gementibus
1370 1539 1478 1585 filiis

63 1619 282 1666 Ecclesiae
295 1656 306 1676 ,
329 1619 719 1666 clementissimus
736 1619 921 1681 generis
942 1617 1135 1663 humani
1155 1628 1316 1664 rector
1333 1618 1477 1663 servis

63 1697 151 1743 suis
174 1696 446 1755 condoluit,
474 1698 792 1761 emeritosque
815 1695 1043 1760 quosdam
1067 1695 1125 1741 de
1147 1695 1250 1741 lacu
1273 1696 1476 1741 miseriae

66 1785 110 1820 et
125 1774 338 1822 convalle
355 1775 671 1837 lacrymarum
688 1809 698 1828 ‚
722 1773 964 1819 consortio
987 1772 1266 1818 mortalium
1282 1773 1474 1828 exemit,

64 1853 173 1899 etin
197 1853 475 1899 amoenitate
493 1850 791 1898 desiderabili
814 1849 1043 1906 Paradisi,
1069 1860 1121 1895 ut
1141 1866 1324 1906 remur,
1352 1850 1477 1896 notis

67 1928 111 1974 in
139 1929 372 1976 consimili
396 1927 552 1973 studio
577 1927 822 1989 religionis
842 1925 1248 1979 commilitonibus
1266 1925 1342 1988 pic
1359 1942 1476 1972 asso-

66 2006 215 2052 ciavit.
237 2005 488 2052 Durandus
506 2004 755 2069 siquidem,
777 2003 1090 2049 Troarnensis
1105 2002 1248 2049 abbas
1265 2002 1478 2067 grandae-

15 2087 19 2091 ’
66 2099 163 2140 vus,
185 2083 243 2129 ab
263 2083 455 2129 infantia
482 2081 761 2133 monachus,
783 2081 1016 2144 religione
1033 2091 1079 2127 et
1097 2080 1320 2142 sapientia
1347 2098 1477 2143 pree-

65 2159 247 2223 cipuus,
273 2160 567 2206 ecclesiastici
598 2170 760 2205 cantus
789 2170 836 2205 et
859 2158 1007 2204 divini
1043 2157 1277 2222 dogmatis
1307 2157 1476 2205 doctor

64 2238 391 2300 peritissimus,
419 2237 507 2284 sibi
542 2237 688 2283 durus
721 2237 952 2294 carnisCX,
991 2236 1187 2300 aliisque
1222 2236 1349 2281 mitis
1373 2236 1477 2298 opi-

63 2313 155 2371 seX‚
175 2326 282 2379 post
304 2317 480 2362 multos
503 2316 551 2361 in
575 2316 659 2360 Dei
687 2314 818 2361 cultu
837 2313 1045 2370 labores,
1076 2313 1122 2358 in
1149 2313 1323 2359 lectum
1342 2311 1477 2359 decu-

64 2391 189 2452 buit,
217 2405 262 2440 et
281 2394 425 2452 bene,
450 2405 502 2439 ut
527 2392 733 2457 prudens
759 2403 806 2437 et
834 2390 983 2438 fidelis
1003 2407 1184 2447 servus,
1213 2390 1281 2437 ire
1305 2389 1363 2436 ad
1390 2408 1476 2436 cu·-

64 2470 180 2517 riam
218 2470 399 2518 domini
436 2472 503 2517 sui
539 2481 752 2534 paratus,
791 2479 866 2515 111o
906 2467 1007 2514 idus
1039 2465 1265 2513 februarii
1299 2467 1370 2530 (ι)
1418 2465 1476 2512 de

64 2549 230 2595 saeculo
248 2549 488 2614 migravit.
514 2549 567 2594 In
588 2549 683 2612 ejus
705 2547 907 2594 transitu
931 2563 1004 2592 res
1029 2562 1127 2592 non
1150 2544 1326 2591 silenda
1353 2561 1475 2591 con-

66 2624 183 2689 tigit.
206 2627 259 2672 In
278 2643 480 2690 corpore
495 2626 677 2690 praefati
698 2625 867 2688 patriS,
892 2623 1006 2670 dum
1025 2623 1199 2679 obiret,
1223 2622 1475 2686 bipartitus

109 2799 156 2844 (1)
177 2800 223 2835 Le
247 2814 279 2836 ιι
309 2802 439 2835 sevi-ier
463 2800 559 2835 1088.
