2085 3455
529 300 609 336 560
804 297 1051 335 HISTORIA
1081 296 1491 335 ECCLESIASTICA.
1526 299 1686 346 [xxvms‘
1700 309 1800 333 JUNH
1825 297 1946 345 1098]

526 384 730 430 Coelitus
764 383 854 430 hoc
888 385 1109 448 apparuit
1147 385 1248 430 aliis
1293 383 1350 430 ad
1379 383 1734 439 confusionem,
1764 382 1865 427 aliis
1891 382 1948 428 ad

528 462 744 508 instantis
769 461 1003 526 triumphi
1025 463 1362 510 ostensionem.

590 540 801 587 Gentiles
849 558 873 587 e
918 542 1114 604 regione
1161 541 1305 587 maris
1358 550 1646 604 pugnante3‚
1697 548 1948 602 postquam

524 617 710 682 pondus
743 617 857 664 belli
883 619 1115 664 sustinere
1150 619 1497 683 nequiverunt,
1534 618 1654 663 sicut
1683 615 1950 662 Curbaran-

526 714 612 743 nus
644 695 942 752 condixerat,
981 697 1140 759 ignem
1181 697 1228 742 in
1267 694 1466 742 herbam
1507 695 1755 741 miserunt.
1803 692 1949 756 Signo

525 785 706 829 autem,
729 773 857 838 quod
877 773 1105 830 diximus,
1130 775 1351 838 cognito,
1379 774 1460 838 qui
1483 774 1529 819 in
1552 773 1771 819 tentoriis
1791 781 1945 827 erant,

524 853 740 916 pernices
764 862 810 897 et
837 851 1081 914 irrequieti
1113 850 1478 914 confugiebant,
1502 861 1549 896 et
1573 849 1766 896 tremuli
1792 847 1946 910 supel-

525 931 731 977 lectilem
771 928 1105 992 pretiosiorem
1140 927 1448 991 diripiebant.
1484 929 1637 975 Porro
1665 925 1949 984 Christiani,

523 1008 603 1072 qui
630 1025 687 1053 ex
706 1005 902 1052 adverso
924 1004 1226 1070 pugnabant,
1250 1007 1346 1069 jam
1367 1004 1423 1051 ad
1451 1006 1654 1052 tentoria
1681 1006 1953 1050 Turcorum

522 1103 734 1150 pugnarn
775 1083 1100 1138 divertebant,
1142 1083 1223 1129 ubi
1257 1083 1488 1147 majorem
1518 1099 1685 1129 eorum
1724 1082 1953 1127 virtutem

524 1162 802 1211 remansisse
822 1160 1050 1208 sciebant.
1081 1161 1225 1207 Turci
1252 1159 1404 1207 adhuc
1423 1160 1679 1207 obstabant
1696 1169 1794 1205 tota
1810 1158 1955 1205 obsti-

525 1243 719 1289 natione
755 1258 845 1305 qua
883 1250 1120 1304 poterant.
1156 1239 1251 1286 Alii
1277 1239 1511 1304 siquidem
1537 1238 1842 1303 pugnabant,
1874 1236 1952 1282 alii

525 1318 679 1366 tendis
704 1317 961 1382 spoliandis
999 1316 1311 1364 intendebant
1338 1317 1428 1380 (1).
1471 1318 1577 1362 Dux
1608 1326 1765 1362 autem
1798 1313 1952 1360 Gode-

523 1399 706 1454 fredus,
742 1407 788 1442 et
824 1395 1094 1442 Rodbertus
1130 1394 1455 1452 Flandrensis,
1484 1406 1531 1441 et
1566 1396 1706 1458 Hugo
1728 1395 1947 1457 Magnus,

518 1479 651 1542 juxta
677 1474 854 1521 flumen
875 1473 1153 1539 equitabant
1175 1475 1248 1538 (2)
1264 1511 1275 1531 ,
1305 1473 1385 1520 ubi
1410 1492 1569 1520 rursus
1589 1473 1844 1519 maximam
1863 1488 1950 1534 pu·

524 1553 775 1619 guantium
805 1552 989 1615 copiam
1023 1562 1273 1598 noverant.
1302 1552 1390 1606 Hi,
1430 1560 1704 1597 constanter
1737 1548 1950 1595 ethnicos

524 1631 756 1696 aggressi,
795 1628 1085 1674 unanimiter
1119 1627 1432 1691 repellebant.
1471 1628 1716 1673 Instabant
1752 1625 1950 1690 gentiles

523 1708 851 1773 pertinaciter,
895 1717 942 1751 et
972 1705 1197 1769 utrinque
1228 1704 1537 1768 praeliabatur
1571 1706 1637 1767 (ὅ)
1674 1702 1949 1750 irremedia—

523 1787 704 1833 biliter.
732 1783 1036 1830 Resonabant
1055 1800 1199 1829 aeneae
1222 1783 1416 1829 cassides
1432 1820 1443 1839 ‚
1468 1794 1690 1847 tanquam
1717 1798 1946 1845 percussae

526 1864 733 1912 incudes.
778 1862 1051 1908 Minutatim
1089 1859 1377 1907 scintillabat
1424 1861 1569 1924 ignis,
1604 1859 1948 1905 mutilabantur

524 1961 673 1992 enses.
709 1942 841 1988 Eliso
875 1939 1072 1986 cerebro
1091 1977 1102 1996 ,
1141 1938 1272 1984 humi
1301 1937 1683 2001 procumbebant
1711 1935 1943 1983 homines.

524 2021 707 2068 Loricae
725 2016 1093 2082 rumpebantur,
1115 2027 1218 2061 exta
1237 2014 1576 2071 fundebantur,
1595 2014 1703 2079 equi.
1720 2011 1948 2060 sudabant

521 2100 816 2154 fatiscentes;
843 2113 930 2142 nec
956 2096 1113 2159 equis‘,
1142 2111 1229 2141 nec
1253 2093 1492 2159 equitibus
1515 2093 1610 2139 ulla
1630 2090 1946 2156 praestabatur

525 2177 727 2242 requies.
769 2173 975 2237 Agmina
1000 2181 1215 2218 conserta
1245 2171 1372 2217 tenui
1398 2187 1643 2216 armorum
1673 2168 1946 2215 discrimine

523 2257 604 2302 vix
641 2273 664 2300 a
698 2252 856 2316 seipsis
891 2249 1147 2296 distabant.
1185 2248 1281 2294 Alii
1316 2247 1549 2316 siquidem
1580 2248 1694 2294 alios
1731 2246 1945 2293 cominus

526 2330 880 2397 impingebant,
919 2338 965 2374 et
992 2345 1158 2373 manus
1193 2325 1440 2384 manibus,
1470 2325 1611 2390 pedes
1639 2323 1861 2389 pedibus,
1899 2333 1946 2369 et

570 2523 621 2568 (ι)
647 2518 879 2554 Tendebam.
903 2517 972 2551 Ms.
993 2516 1039 2550 de
1059 2506 1349 2551 Saint-Ew-oult.

571 2582 622 2628 (2)
647 2579 779 2615 C’etait
799 2589 894 2624 pour
912 2576 1014 2610 venir
1036 2588 1082 2609 au
1106 2586 1252 2610 secours
1272 2574 1316 2609 de
1340 2572 1529 2608 Boeinond
1555 2579 1590 2607 et
1613 2571 1658 2605 de
1682 2583 1745 2605 son
1770 2581 1876 2616 corps
1898 2568 1942 2603 de

525 2643 685 2683 leserve,
705 2639 887 2673 vivement
905 2637 1044 2683 presses
1063 2648 1128 2683 par
1147 2635 1180 2669 le
1200 2634 1318 2669 sultan
1334 2633 1380 2668 de
1398 2633 1530 2668 Damas
1550 2639 1585 2667 et
1602 2632 1721 2666 l'e'mir
1738 2630 1782 2665 de
1800 2631 1943 2665 Jerusa-

524 2703 616 2743 lem,
641 2700 705 2747 qui
731 2698 890 2740 avaient,
917 2708 1059 2730 comme
1083 2707 1175 2729 nous
1199 2694 1232 2728 le
1252 2693 1376 2728 disons
1399 2692 1596 2734 ci-dessus‚
1624 2691 1790 2733 remonte
1812 2689 1852 2731 la⁴
1868 2689 1942 2723 rive

524 2762 645 2797 «lroite
665 2759 710 2793 de
732 2757 903 2793 l'Oronte
924 2767 1018 2802 pour
1035 2767 1172 2801 couper
1189 2754 1224 2788 la
1243 2754 1393 2788 retraite
1412 2765 1480 2787 aux
1499 2752 1707 2787 Chretiens.

572 2821 621 2868 (5)
645 2819 902 2865 pugnabatur.
927 2817 994 2850 ΜΞ,
1017 2815 1061 2850 dc
1082 2806 1369 2850 Saint-Evroult.
