2085 3455
538 360 616 396 552
906 358 1151 396 HISTORIA
1184 357 1589 396 ECCLESIASTICA.
1685 362 1809 408 [mmo
1834 360 1952 408 1098]

537 443 907 491 Alexandretam
950 448 1022 510 (1)
1062 457 1339 502 secesserat,
1385 444 1739 492 convalescendi
1782 446 1948 510 gratia.

534 523 680 586 Hujus
697 521 904 568 reditum
919 540 1084 570 omnes
1103 523 1432 586 expectabant,
1451 534 1615 586 utpote
1632 539 1775 587 quem
1790 538 1953 568 omnes

534 602 734 664 majores
767 585 936 648 ducem
969 613 1016 647 et
1047 602 1370 648 consiliarium
1403 600 1491 646 sibi
1523 602 1832 664 praefecerant
1860 601 1950 663 (2).

533 678 651 724 Erat
683 679 813 740 enim
837 678 1086 736 facundus,
1123 691 1170 726 et
1200 679 1450 743 singularis
1480 678 1705 725 scientiae.
1733 678 1844 735 Hic,
1873 677 1952 723 ubi

533 756 714 802 Turcos
749 756 988 802 civitatem
1027 757 1402 803 circumvallasse
1428 756 1632 814 audivit,
1658 755 1716 802 de
1740 756 1954 802 Alexan-

531 833 690 891 dreta‚
732 852 838 899 quae
878 851 977 881 non
1014 835 1221 880 multum
1265 835 1323 880 ab
1357 834 1611 881 Antiochia
1646 845 1826 881 remota
1857 845 1949 890 est,

532 921 762 956 montana
787 910 991 956 latenter
1017 910 1321 968 conscendit,
1345 922 1391 956 et
1415 911 1664 957 innumera
1685 912 1953 957 Turcorum

532 989 737 1035 tentoria
756 1024 768 1044 ,
811 989 1027 1053 ipsosque
1058 989 1189 1034 velut
1221 1005 1416 1035 arenam
1451 990 1593 1035 maris
1633 1007 1719 1053 per
1748 989 1951 1053 plurima

531 1065 676 1112 stadia
710 1065 909 1113 diffusos
946 1066 1089 1123 vidit,
1122 1078 1169 1113 et
1190 1068 1430 1114 civitatem
1455 1067 1821 1126 circumdatam,
1846 1085 1953 1113 ma-

530 1161 743 1208 numque
788 1162 983 1207 parvam
1029 1143 1409 1191 Christianorum
1460 1145 1689 1191 inclusam
1737 1145 1947 1209 agnovit.

528 1222 691 1268 Nimio
715 1222 860 1286 igitur
878 1233 1009 1268 metu
1027 1239 1136 1268 cum
1154 1222 1245 1268 suis
1263 1223 1548 1285 perterritus
1561 1259 1574 1280 ,
1598 1223 1772 1268 cursim
1792 1222 1951 1286 sugam

530 1300 662 1358 iniit,
685 1311 731 1346 et
754 1301 1033 1347 festinanter
1066 1301 1385 1347 clandestinus
1409 1300 1642 1357 discessit,
1676 1300 1948 1346 castellum-

527 1395 619 1442 que
649 1396 785 1424 suum
820 1396 1036 1425 reversus
1076 1379 1312 1442 spoliavit.
1351 1380 1554 1444 Fugiens
1599 1380 1754 1444 itaque
1784 1378 1950 1424 Alexio

527 1455 832 1519 imperatori,
866 1457 948 1521 qui
976 1474 1086 1502 cum
1113 1474 1288 1520 magno
1306 1457 1515 1503 exercitu
1539 1457 1774 1520 suppetias
1798 1454 1952 1502 obses-

526 1533 584 1578 sis
610 1532 855 1590 veniebat,
885 1533 942 1580 ad
964 1533 1296 1581 Philomenam
1326 1534 1496 1580 urbem
1524 1538 1589 1596 (5)
1612 1534 1850 1590 obviavit,
1878 1534 1949 1580 ei-

525 1626 644 1673 que,
686 1626 896 1656 seorsum
941 1621 1134 1668 vocato,
1179 1610 1300 1656 dixit
1330 1631 1340 1654 :
1371 1611 1679 1656 Antioclzlmn
1706 1628 1794 1674 pro
1826 1604 1949 1656 certo

527 1699 723 1752 captam
738 1686 910 1748 fuisse
933 1690 1118 1734 noveris
1152 1706 1184 1734 a
1213 1688 1515 1734 Christianis.
1548 1688 1649 1734 Sed
1671 1688 1944 1745 castellam,

526 1765 660 1827 quod
687 1767 1064 1811 munitissimum
1097 1767 1334 1829 prominet
1364 1766 1492 1823 urbi,
1532 1766 1625 1812 sibi
1656 1769 1949 1812 retinuerant

530 1843 578 1887 T
577 1843 696 1888 urci.
722 1843 786 1887 [st
804 1860 912 1889 ecee
929 1854 1113 1889 nostros
1133 1846 1182 1888 in
1203 1842 1315 1889 urbe
1334 1842 1548 1888 obsident
1566 1853 1611 1889 et
1630 1845 1942 1907 expugnant,

524 1937 610 1965 sea
625 1938 702 1966 mn
713 1922 802 1977 cris,
823 1932 871 1965 nt
884 1938 1005 1978 reor,
1015 1922 1127 1985 jam
1139 1932 1554 1986 expugnaverunt,
1573 1932 1616 1966 et
1626 1937 1786 1966 omnes
1798 1921 1948 1966 nostri

705 1957 731 1984 Ο

518 2000 781 2060 perierunt.
816 1999 1023 2044 Consule
1046 2017 1160 2063 ergo
1182 1999 1285 2057 tibi,
1311 2011 1354 2045 et
1371 2001 1508 2063 genti
1526 2017 1668 2063 qnam
1690 1998 1942 2045 conducis.

587 2074 760 2132 Guido,
780 2075 1046 2122 Buamundi
1065 2078 1228 2133 frater,
1244 2077 1418 2140 aliique
1433 2076 1569 2123 multi
1586 2076 1884 2123 Francorum
1899 2087 1946 2122 et

569 2259 619 2303 (1)
650 2257 772 2303 Voyez
794 2257 994 2300 ci-dessus,
1024 2270 1061 2304 p.
1081 2255 1163 2292 556.
1185 2257 1463 2302 Alexandrette,
1488 2257 1637 2304 appelee
1666 2271 1732 2304 par
1753 2257 1804 2292 les
1826 2258 1944 2292 Turcs

521 2317 777 2360 Scanderoun,
801 2316 924 2351 donne
944 2329 1009 2351 son
1028 2329 1115 2351 nom
1136 2330 1182 2352 au
1203 2317 1298 2365 golfe
1318 2330 1363 2352 au
1381 2317 1470 2352 fond
1490 2317 1627 2365 duquel
1646 2317 1714 2352 elle
1733 2324 1788 2352 est
1806 2318 1941 2360 situee‚

520 2389 566 2411 en
589 2376 676 2423 deca
697 2376 928 2411 d'Antioche.
951 2377 1002 2412 Ce
1022 2377 1143 2411 devait
1163 2378 1240 2412 etre
1263 2390 1314 2412 un
1335 2377 1410 2412 lieu
1433 2390 1528 2413 assez
1549 2377 1623 2412 mal
1642 2378 1756 2412 choisi
1778 2390 1872 2424 pour
1894 2378 1944 2424 s'y

522 2436 674 2470 re'tablir
690 2436 801 2470 d’une
820 2435 986 2471 maladie.
1008 2437 1257 2482 Aujourd'hui
1274 2437 1307 2472 le
1325 2438 1510 2485 voisinage
1529 2437 1574 2472 de
1593 2437 1724 2472 mamis
1741 2437 1944 2472 insalubres

521 2496 554 2530 Ia
574 2495 666 2530 rend
688 2496 807 2530 meme
827 2497 1041 2531 tout-a-fait
1058 2496 1285 2532 inhabitable
1304 2497 1467 2544 pendant
1485 2497 1538 2532 les
1557 2497 1724 2532 chaleurs
1742 2496 1787 2532 de
1803 2497 1902 2532 l'e'te.

567 2557 578 2601 (
582 2557 617 2601 2)
636 2556 739 2591 ZVam
752 2558 875 2591 cuncti
885 2559 1071 2603 principes
1087 2559 1220 2597 nostri,
1241 2560 1427 2592 communi
1442 2558 1592 2593 consilio
1610 2559 1719 2592 totius
1739 2559 1940 2599 exercitus,

521 2628 577 2649 me
595 2615 783 2650 dominum
802 2629 923 2659 suum,
946 2623 1056 2663 atque
1074 2619 1235 2652 omnium
1252 2623 1400 2651 actuum
1417 2630 1565 2652 suorum
1581 2618 1803 2663 provisorem
1822 2622 1855 2649 et
1872 2628 1940 2663 gu-

522 2676 771 2718 bernatorem,
796 2678 904 2710 ctiam
934 2690 989 2711 me
1020 2678 1184 2720 nolente,
1216 2679 1497 2713 constituerunt.
1525 2677 1700 2724 Stephani
1720 2677 1870 2713 Carnot.
1900 2689 1940 2710 ac

522 2736 678 2771 Blesens.
701 2737 845 2771 comitis
866 2737 1018 2784 epistola
1037 2737 1081 2771 ad
1101 2737 1254 2772 Adelam
1276 2750 1438 2774 uxorem.

570 2793 617 2835 (3‘)
636 2797 918 2840 Philomelium,
944 2798 1024 2843 pres
1048 2797 1293 2832 Antiocheno.
