2085 3455
515 304 594 344 494
880 303 1126 341 HISTORIA
1155 300 1558 341 ECCLESIASTICA.
1655 305 1922 354 [1096-10971

513 393 753 456 copiosum
780 401 1042 438 mercatum
1066 392 1302 449 mitteret,
1330 401 1377 437 et
1399 392 1578 437 cunctis
1606 391 1925 455 indigentibus

510 471 679 533 stipem
712 470 1017 516 necessariam
1043 469 1311 532 impertiret
1321 488 1334 525 3
1364 479 1547 514 tantum
1579 479 1631 515 ut
1653 470 1925 533 juramento

513 547 571 594 de
601 564 657 594 eo
682 563 870 594 securus
888 558 1021 594 esset.
1045 548 1149 593 Hoc
1173 546 1277 593 ideo
1295 546 1588 593 machinatus
1611 558 1679 593 est
1701 547 1928 610 versipel—

515 625 596 681 lis,
629 635 681 671 ut
702 643 724 670 a
752 625 947 689 regione
972 624 1142 670 ducem
1164 635 1406 670 amoveret
1427 625 1680 688 Byzantea,
1703 643 1812 671 cum
1837 625 1928 671 suis

514 701 687 765 copiis,
716 718 776 747 ne
808 711 964 764 posset
998 701 1125 747 couti
1165 711 1622 763 superventurorum
1656 701 1927 764 principum

512 779 721 826 consiliis
745 789 794 824 et
816 778 1017 824 auxiliis.
1044 778 1150 823 Dux
1175 779 1332 842 itaque
1364 780 1606 834 transivit,
1632 779 1747 825 facta
1771 779 1928 825 Caesa—

513 856 578 902 ris
590 892 603 914 ‚
621 866 668 902 et
691 854 750 901 ab
771 854 938 902 eodem
955 864 1143 916 accepta
1165 853 1437 911 identidem,
1460 856 1803 918 promissorum
1820 854 1930 901 fide-

516 934 665 981 litate.

579 1010 881 1058 Buamundus
914 1013 961 1057 in
998 1010 1169 1057 vallem
1204 1010 1260 1056 de
1301 1010 1630 1074 Andronopoli
1665 1013 1796 1059 venit
1829 1013 1927 1075 (1),

515 1090 673 1154 ibique
705 1105 811 1135 suos
849 1086 1178 1135 concionando
1209 1088 1410 1134 solerter
1444 1087 1692 1135 admonuit
1723 1099 1777 1135 ut
1800 1099 1932 1135 caute

514 1183 561 1213 se
583 1165 839 1222 haberent,
866 1175 919 1210 ut
940 1164 1338 1228 peregrinationis
1358 1181 1447 1227 pro
1467 1164 1566 1211 Deo
1589 1175 1815 1228 susceptae
1839 1182 1934 1211 me-

513 1258 670 1289 mores
687 1251 858 1296 essent‚
878 1251 932 1286 ut
951 1258 974 1286 a
994 1239 1373 1287 Christianorum
1391 1240 1639 1303 penatibus
1657 1240 1935 1304 diripiendis

515 1336 704 1384 rapaces
726 1336 893 1365 manus
919 1317 1224 1374 cohiberent,
1252 1329 1305 1363 ut
1329 1319 1483 1364 Deum
1507 1329 1615 1365 ante
1639 1319 1800 1366 oculos
1824 1335 1938 1365 sem-

516 1415 603 1462 per
623 1408 908 1462 praesentem
938 1396 1194 1453 haberent,
1234 1414 1287 1442 ac
1318 1406 1371 1441 ut
1393 1395 1588 1443 ditiores
1623 1396 1935 1460 pauperibus,

516 1487 563 1522 et
586 1476 813 1523 fortiores
838 1473 1075 1521 debilibus
1099 1473 1434 1531 subvenirent,
1461 1491 1634 1539 eosque
1661 1491 1752 1537 pro
1776 1491 1937 1521 amore

514 1554 600 1600 Dei
633 1552 815 1599 viribus
846 1562 893 1597 et
929 1551 1097 1615 opibus
1133 1562 1467 1597 sustentarent.
1501 1553 1570 1598 De
1593 1553 1714 1598 valle
1749 1551 1940 1617 tandem

517 1629 780 1676 castoriam
810 1629 879 1691 (2)
912 1639 1261 1691 pervenerunt,
1290 1627 1371 1673 ubi
1396 1628 1612 1674 Natalem
1640 1629 1834 1675 Domini
1858 1646 1938 1675 so-

516 1707 739 1755 lemniter
754 1716 1061 1770 peregerunt.
1079 1705 1149 1751 lbi
1163 1722 1249 1769 per
1260 1706 1442 1769 aliquot
1459 1705 1556 1751 dies
1569 1707 1794 1753 remorati
1809 1717 1935 1761 sunt,

516 1786 863 1852 quaesitumque
890 1794 1155 1830 mercatum
1182 1783 1355 1829 habere
1386 1800 1483 1829 non
1513 1773 1798 1846 Potuerunt,
1828 1783 1937 1848 quia

516 1866 638 1912 cives
657 1880 757 1910 non
775 1862 1078 1927 peregrinos,
1098 1859 1176 1907 sed
1194 1860 1475 1925 gladiatores
1495 1872 1542 1906 et
1558 1872 1783 1924 tyrannos
1795 1897 1807 1918 ,
1833 1861 1937 1907 illos

516 1939 1071 1989 aestimave1⁴unt.·lnedia
1091 1956 1206 2003 ergo
1226 1950 1423 2002 cogente
1438 1975 1450 1992 ‚
1471 1939 1701 2002 compulsi
1725 1948 1834 1985 sunt
1853 1938 1937 1985 bo-

563 2104 625 2148 (1)‘
641 2103 693 2138 Ce
717 2101 774 2135 fut
797 2112 862 2147 par
886 2111 965 2133 mer
990 2110 1061 2145 que
1080 2097 1268 2132 Boe'mond
1297 2098 1433 2140 ari-iva,
1459 2109 1505 2131 au
1533 2097 1626 2131 mois
1652 2097 1697 2131 de
1721 2097 1932 2138 decembre,

516 2164 600 2210 pres
620 2159 889 2207 d’Audrinople
913 2158 1117 2193 d’Albanie.
1146 2157 1262 2192 Notre
1285 2165 1415 2191 auteur
1437 2170 1523 2192 aura
1550 2157 1828 2204 probahlement
1848 2170 1935 2192 con--

516 2221 632 2257 fondu
660 2227 756 2256 cette
785 2218 870 2253 ville
903 2230 987 2252 avec
1019 2229 1084 2252 son
1116 2217 1340 2262 homonyme
1366 2216 1411 2250 de
1442 2216 1608 2258 Thrace,
1635 2216 1826 2263 beaucoup
1852 2216 1933 2263 plus

517 2293 673 2317 connue.

564 2342 616 2387 (2)
633 2337 912 2381 Castorie‚ville
925 2337 1129 2384 episcopale
1148 2336 1193 2371 de
1213 2335 1446 2379 Macedoine‚
1467 2337 1486 2370 -ὶι
1503 2335 1535 2370 la
1556 2347 1683 2370 source
1702 2334 1751 2369 du
1771 2335 1931 2371 Cattaro.

517 2401 623 2436 Cette
641 2398 742 2439 ville,
765 2397 882 2431 situee
899 2409 945 2430 au
971 2397 1099 2431 lnilieu
1127 2395 1215 2430 d’un
1240 2395 1314 2438 lac,
1336 2402 1372 2430 et
1391 2407 1436 2430 ue
1464 2402 1592 2429 tenant
1611 2397 1630 2428 a
1648 2394 1681 2428 la
1702 2401 1796 2429 terre
1818 2394 1933 2429 ferme

517 2459 628 2507 qu'au
639 2469 772 2504 moyen
789 2456 877 2491 d'un
892 2457 1038 2499 isthinc,
1061 2456 1222 2490 defendu
1235 2468 1300 2502 par
1312 2467 1384 2489 unc
1400 2454 1565 2489 inuraillc
1580 2454 1747 2501 ssanquee
1759 2453 1804 2488 de
1816 2461 1931 2493 tours,

518 2519 613 2554 avait
637 2519 696 2553 ete
721 2519 880 2564 occupee
905 2528 969 2563 par
985 2516 1174 2551 Boemond
1192 2515 1320 2561 depuis
1344 2514 1617 2561 1081jusqu'en
1640 2513 1746 2556 1084,
1772 2512 1934 2560 pendant

519 2579 608 2627 qu'il
634 2577 755 2613 faisait
779 2576 814 2611 la
832 2578 973 2623 vguerre
991 2578 1010 2610 a
1034 2576 1155 2611 Alexis
1183 2587 1277 2622 pour
1297 2574 1329 2609 le
1350 2581 1495 2621 compte
1520 2574 1565 2608 de
1588 2586 1653 2608 son
1679 2575 1765 2620 perc
1792 2572 1934 2608 Robert

520 2637 718 2674 Guiscard.
738 2637 839 2672 Nous
861 2649 1018 2684 pensons
1046 2637 1155 2684 qu⁷en
1191 2635 1278 2683 1096
1306 2635 1332 2670 il
1360 2647 1406 2669 ne
1434 2634 1473 2668 fit
1501 2646 1573 2681 quc
1598 2646 1745 2680 031111101-
1768 2644 1851 2668 50115
1881 2645 1934 2667 ses

520 2711 635 2734 murs.
653 2698 715 2734 On
733 2698 876 2745 concoit
895 2697 1104 2731 sacileinent
1132 2709 1203 2744 que
1230 2695 1282 2730 les
1309 2695 1496 2730 habitants
1524 2695 1621 2729 aient
1641 2693 1709 2728 mis
1728 2705 1799 2740 pcu
1821 2692 1935 2727 d'eln-

522 2763 749 2805 pressement
768 2759 786 2791 51
804 2755 1026 2798 l'accueillir,
1047 2768 1092 2790 en
1113 2756 1281 2790 souvenir
1296 2754 1345 2789 du
1365 2754 1436 2789 mal
1455 2753 1542 2802 qu'il
1562 2753 1640 2787 leur
1657 2753 1749 2787 avait
1767 2752 1832 2786 fait
1849 2752 1933 2798 prc-

520 2817 761 2853 cedemment.
1599 2823 1601 2825 ·
