2085 3455
601 297 679 332 :222
965 293 1206 331 HISTORIA
1237 292 1640 331 ECCLESIASTICA„

603 381 783 428 Nicolai
819 380 1045 426 veraciter
1074 381 1205 443 operi
1236 391 1399 426 nostro
1430 380 1731 436 inseruimus?
1762 380 2007 444 ipsumque

603 457 893 503 mirabilium
916 456 1133 520 opificem
1157 456 1358 502 fideliter
1379 456 1672 519 deposcimus
1702 467 1780 511 ut,
1818 473 2010 502 suorum

602 551 868 580 memorum
881 550 1081 588 memor,
1094 527 1243 578 nostri
1257 533 1547 583 misereatur„
1558 542 1604 577 et
1616 549 1703 595 pro
1716 532 1852 578 nobis
1861 532 2011 578 Deum

605 611 923 657 indesinenter
941 610 1234 673 deprecetur.
1256 610 1394 656 Nunc
1414 609 1470 655 ad
1490 611 1747 672 incoeptam
1762 646 1773 662 ‚
1795 609 1917 655 unde
1935 609 2013 655 ali-

603 690 886 753 quantulum
909 687 1101 752 digressi
1129 705 1308 744 sumus,
1339 686 1580 732 redeamus
1603 687 1866 733 materiam,

668 766 799 813 XIV.
829 765 1020 829 [1087]
1047 764 1260 829 Antiquo
1281 781 1478 810 rancore
1505 765 1628 810 inter
1648 763 1949 810 Normannos
1968 774 2014 809 et

605 846 808 890 Francos
834 854 1083 899 renovato,
1114 842 1351 889 bellorum
1380 842 1650 889 incendium
1674 852 1892 887 exortum
1918 852 2012 899 est,

605 922 739 975 nndes
757 922 1084 986 gravissimum
1115 919 1298 983 pondus
1327 919 1725 966 detrimentorum
1759 919 1939 965 clericis
1969 930 2015 964 et

604 1001 730 1047 la'i'cis
754 1000 874 1045 male
900 1000 1198 1045 intersectum
1224 999 1296 1061 (Ι)
1321 1010 1405 1044 est.
1438 999 1577 1060 Hugo
1602 1013 1805 1060 namque
1831 1013 2014 1060 cogno-

605 1087 765 1123 mento
791 1076 1023 1131 Staveius,
1054 1086 1099 1120 et
1122 1073 1346 1120 Radulfus
1372 1074 1704 1120 Malusvicinus
1724 1073 1820 1136 (2),
1844 1073 2016 1136 aliique

603 1153 825 1217 oppidani
847 1152 1316 1205 E'Iadantensiscastri
1336 1163 1499 1198 contra
1520 1168 1680 1216 regem
1699 1151 2016 1196 Guillermum

605 1233 988 1285 insurrexerunt,
1016 1241 1061 1275 et
1086 1247 1253 1294 magna
1279 1247 1422 1275 manu
1446 1230 1824 1275 latrunculorum
1847 1244 2017 1292 aggre-

604 1319 731 1371 gata,
761 1308 919 1371 plures
942 1306 1177 1353 discursus
1201 1307 1249 1352 in
1276 1307 1620 1352 Normanniam
1644 1307 1872 1351 fecerunt.
1900 1304 2019 1349 Auc-

606 1396 760 1430 turam
779 1383 1003 1440 fluvium,
1029 1383 1333 1430 dirimentem
1360 1401 1383 1428 a
1407 1383 1603 1429 Francia
1627 1381 1895 1428 Neustriam
1915 1381 1984 1444 (3)
2001 1417 2012 1436 ,

560 1480 562 1482 ’
607 1473 747 1508 noctu
766 1481 873 1508 cum
892 1462 1110 1508 satellitio
1130 1479 1213 1508 suo
1234 1460 1604 1525 pertransibant,
1627 1472 1673 1507 et
1696 1461 1741 1506 in
1761 1459 2018 1506 Ebroicen-

604 1556 701 1584 sem
715 1539 974 1594 dioecesim,
993 1538 1049 1584 ad
1067 1538 1333 1585 nocendum
1347 1538 1601 1585 crudeliter
1612 1539 1780 1601 parati,
1799 1536 2017 1600 protinus

607 1616 867 1663 irruebant.
891 1618 1089 1663 Terram
1112 1617 1315 1661 maxime
1335 1616 1574 1662 Guillelmi
1595 1615 1653 1661 de
1673 1615 1874 1661 Britolio
1893 1613 2015 1659 circa

603 1696 820 1741 Paccium
853 1698 947 1753 (4),
987 1705 1033 1739 et
1068 1695 1259 1758 Rogerii
1297 1693 1353 1739 de
1393 1693 1549 1740 Ibreio
1584 1695 1650 1753 (5)
1685 1691 2012 1747 devastabant,

603 1772 847 1836 ductisque
872 1782 1196 1817 armentorum
1222 1770 1467 1835 gregibus,
1498 1782 1544 1816 et
1572 1770 1715 1833 captis
1745 1768 2016 1815 hominibus

605 1969 721 2004 ment,
744 1962 848 2007 apres
864 1972 915 1994 un
933 1960 1045 2006 pareil
1067 1960 1146 2003 fait,
1167 1960 1257 2007 qu⁷il
1275 1960 1324 1994 ait
1343 1961 1411 1994 mis
1430 1972 1498 2007 pen
1516 1959 1836 2006 d'empresseinent
1854 1959 1873 1991 a
1890 1956 2015 1991 termi-

605 2034 669 2056 ner
687 2021 737 2055 les
757 2021 864 2067 pieux
881 2019 1166 2054 e'tablissements
1183 2020 1366 2066 entrepris
1386 2032 1450 2066 par
1468 2031 1522 2054 ses
1542 2025 1700 2066 parents.

648 2084 701 2126 (1)
722 2082 823 2116 Nous
839 2092 996 2127 pensons
1015 2080 1104 2127 qu'il
1121 2080 1198 2114 saut
1213 2080 1280 2114 lire
1297 2096 1303 2114 :
1321 2081 1561 2127 interjectum.

649 2142 698 2186 (2)
725 2141 842 2186 Voyez
861 2139 1057 2182 ci-dessus‚
1082 2146 1106 2173 t.
1127 2141 1182 2181 ΙΙ,
1205 2153 1239 2186 p.
1264 2142 1340 2188 447.

651 2199 701 2246 (5)
726 2199 755 2233 Il
779 2208 833 2233 est
860 2199 1118 2244 tres-possible
1139 2199 1221 2246 qu'a
1242 2211 1314 2233 nne
1338 2200 1480 2246 epoque
1503 2197 1644 2232 recule'e
1668 2197 1805 2237 l'Eure,
1831 2194 1919 2228 dans
1943 2206 2013 2227 unc

605 2259 741 2307 grande
760 2258 876 2306 partie
899 2258 944 2292 de
969 2271 1033 2293 son
1056 2271 1180 2301 conrs,
1201 2260 1251 2293 ait
1272 2260 1363 2293 servi
1383 2258 1427 2292 de
1444 2258 1561 2292 limite
1578 2264 1680 2291 entre
1698 2257 1747 2290 les
1765 2247 2014 2300 Eburoviques

604 2327 640 2354 et
664 2318 696 2353 la
722 2319 868 2365 portion
893 2318 942 2352 dn
968 2319 1154 2352 territoire
1180 2318 1243 2352 des
1267 2319 1446 2353 Carnutes
1466 2318 1603 2352 voisine
1629 2316 1673 2350 de
1699 2317 1843 2354 Mante;
1871 2314 1904 2348 le
1928 2325 2010 2347 nom

605 2378 691 2411 d'un
710 2377 837 2423 village
853 2378 946 2411 sitne
961 2389 1022 2411 sin·
1042 2376 1073 2410 la
1092 2378 1165 2411 rive
1185 2377 1324 2423 gauche
1343 2377 1491 2421 (Fains)
1509 2375 1643 2410 semble
1664 2374 1779 2409 nieme
1797 2372 2009 2419 l'indiquer3

605 2435 693 2468 mais
714 2448 758 2469 au
777 2443 824 2468 xi⁰
853 2434 977 2477 siecle,
1005 2447 1146 2469 connne
1174 2448 1220 2469 au
1248 2442 1363 2477 xvim,
1397 2434 1422 2468 il
1450 2434 1532 2468 n'en
1559 2433 1646 2468 etait
1671 2432 1761 2466 ainsi
1788 2443 1859 2478 que
1884 2429 2012 2476 depuis

604 2494 1095 2539 saint-Georges·sur-Eure
1111 2495 1253 2542 jusquffi
1274 2495 1475 2529 Garennes.

651 2555 701 2599 (4)
718 2555 762 2587 La
781 2560 878 2587 terre
892 2553 937 2588 de
955 2554 1036 2588 Paci
1053 2555 1282 2601 appartenait
1295 2567 1364 2589 aux
1380 2554 1564 2599 seigneurs
1579 2552 1623 2587 de
1641 2551 1818 2595 Brotean,
1838 2563 1903 2598 par
1917 2550 2011 2584 suite

604 2615 653 2648 du
674 2615 832 2661 mariage
853 2614 1057 2649 ‹l’Osbernc
1077 2615 1122 2650 de
1144 2616 1290 2663 Crepon
1310 2627 1392 2650 avec
1412 2615 1556 2657 Ennna,
1580 2612 1650 2647 fille
1671 2612 1715 2647 de
1736 2611 1870 2653 Raoul‚
1893 2616 2010 2645 comte

603 2674 723 2709 d'Ivri.

650 2734 698 2780 (5)
730 2735 850 2781 {loger
877 2734 1004 2774 d'Iw-i,
1035 2735 1218 2769 eclianson
1247 2735 1290 2770 de
1319 2733 1856 2779 Gnillanine-le-Conqucrant.
1887 2729 2006 2774 Voyez

603 2794 799 2836 ci-dessus,
822 2802 847 2828 t.
871 2795 902 2828 ll
917 2824 924 2836 ‚
947 2807 981 2840 p.
1004 2793 1071 2840 2296
1090 2801 1123 2828 et
1146 2793 1222 2836 456.
