2085 3455
534 344 603 378 1:25
890 340 1130 377 HISTORIA
1160 340 1559 378 ECCLESIASTICA.
1653 342 1920 390 [1115-1116]

526 445 620 474 non
654 427 841 473 modico
878 438 1082 492 tempore
1120 440 1406 474 coarctatur.
1452 429 1646 474 Positus
1684 437 1842 473 autem
1876 431 1924 473 in

527 505 617 550 tali
631 506 844 561 miseria,
869 504 1078 551 divinum
1097 505 1336 550 auxilium
1353 523 1600 571 proposse
1619 522 1702 551 suo
1721 516 1764 550 et
1781 507 1924 551 scien-

528 584 612 638 tia,
633 592 728 627 tam
739 583 874 644 gravi
892 582 1169 627 necessitate
1187 593 1397 644 cogente,
1420 581 1587 628 adesse
1602 581 1694 626 sibi
1707 580 1927 644 postula-

529 658 626 703 bat.
656 658 755 703 Sest
777 661 888 721 quia
921 659 1096 703 meritis
1121 661 1242 714 suis,
1275 676 1382 721 quoe
1403 658 1708 723 permodica,
1743 657 1845 713 vel,
1881 668 1929 702 ut

530 737 689 780 verius
715 734 877 779 dicam
905 752 916 777 :
942 733 1078 778 nulla
1103 750 1202 778 esse
1226 733 1468 790 credebat,
1496 733 1587 779 lzoc
1608 750 1656 779 se
1679 736 1930 798 impetrare

531 809 804 872 diffidebat,
834 821 1052 856 sanctum
1076 810 1389 855 Benedictuni
1401 847 1415 866 ,
1446 811 1585 873 cujus
1614 827 1663 855 se
1680 812 1931 873 praeceptis

532 888 610 949 (ut
632 886 814 933 dictum
840 888 933 948 est)
960 886 1259 932 subditurum
1283 904 1377 932 non
1387 886 1508 951 ficte
1531 887 1799 943 devoverat,
1827 903 1934 931 nec-

534 981 629 1009 non
653 975 873 1010 sanctam
899 964 1127 1024 virginem
1158 963 1503 1025 Egeldridam,
1533 964 1580 1008 in
1606 965 1744 1027 cujus
1766 980 1935 1008 mona-

533 1044 671 1087 sterio
697 1041 782 1086 lzoc
805 1041 931 1086 idem
954 1058 1002 1086 se
1008 1038 1267 1104 facturum
1285 1040 1573 1104 praeviderat
1582 1077 1596 1096 ,
1621 1041 1764 1086 corde
1783 1041 1935 1101 lacry-

534 1116 725 1173 mabili,
753 1127 797 1161 et
820 1133 933 1162 voce
956 1133 1052 1179 qua
1078 1126 1291 1180 poterat,
1330 1117 1621 1162 incessanter
1649 1115 1934 1161 advocabat.

538 1192 669 1237 Hinc
700 1195 857 1256 itaque
882 1202 1104 1237 oneratus
1132 1210 1192 1237 ac
1220 1193 1502 1237 constrictus
1515 1190 1681 1254 ferro,
1712 1189 1939 1254 hincfri-

536 1286 652 1332 gore
669 1273 930 1324 cruciatus,
957 1268 1090 1314 illinc
1103 1265 1357 1332 fatigatus
1381 1269 1590 1332 jejunio,
1625 1269 1940 1315 miserabilem

539 1352 686 1392 vitam
724 1347 835 1410 (qui
862 1363 950 1411 pro
986 1356 1111 1391 certo
1147 1346 1266 1390 mori
1297 1345 1482 1402 mallet,
1518 1363 1664 1409 quam
1693 1345 1944 1409 infeliciter

539 1425 716 1481 vivere,
735 1425 886 1488 juxta
913 1425 1268 1469 (estimationem
1291 1423 1474 1486 meanz)
1497 1424 1690 1485 integris
1714 1442 1741 1470 v
1765 1424 1943 1469 mensi-

543 1502 627 1546 bus
654 1500 842 1562 lugens,
880 1501 929 1545 in
963 1500 1158 1546 tenebris
1182 1501 1422 1546 sustinuit.
1456 1502 1521 1546 Et
1555 1501 1725 1547 videns
1761 1500 1946 1546 nullum

540 1578 730 1643 penitus
750 1577 1009 1622 humanum
1031 1576 1120 1622 sibi
1142 1577 1311 1622 adesse
1332 1578 1601 1634 auxilium,
1621 1589 1840 1624 sanctum
1858 1578 1948 1623 Be-

545 1654 784 1700 nedictum
815 1664 858 1699 et
883 1664 1103 1699 sanctam
1138 1653 1462 1718 Egeldridam
1499 1655 1734 1701 continuis
1761 1655 1949 1716 gemiti-

548 1731 662 1786 bus,
713 1732 932 1796 suspiriis
949 1768 963 1787 ,
1014 1731 1302 1793 singultibus
1317 1768 1332 1787 ,
1385 1731 1676 1794 quandoque
1723 1731 1950 1793 lacrymis

548 1810 688 1855 corde
732 1811 810 1854 vel
851 1826 930 1853 ore
968 1808 1254 1853 ruminando
1281 1825 1542 1872 provocare
1582 1826 1674 1853 non
1716 1807 1948 1854 cessabat.

554 1883 689 1948 Quid
707 1883 886 1948 plura?
906 1883 1060 1929 Nocte
1079 1883 1293 1947 quadam
1312 1901 1418 1929 cum
1436 1887 1575 1948 signa
1596 1902 1686 1948 per
1707 1884 1866 1929 urbem
1885 1884 1954 1930 ad

548 1973 805 2009 nocturnas
836 1961 1004 2008 laudes
1023 1962 1345 2026 pulsarentur,
1376 1974 1419 2007 et
1450 1963 1529 2007 illc
1554 1965 1601 2007 in
1633 1979 1822 2008 carcere
1848 1979 1954 2008 cum

549 2043 728 2086 cceteris
762 2042 996 2104 angustiis
1025 2039 1086 2084 ab
1113 2041 1244 2085 omni
1272 2040 1375 2086 cibo
1400 2040 1607 2085 triduum
1632 2041 1956 2086 continuasset

543 2119 763 2182 sejunusj
782 2118 892 2181 jam
914 2134 1037 2181 pene
1055 2117 1296 2179 deficiens,
1319 2129 1361 2162 et
1380 2136 1408 2162 a
1428 2120 1633 2181 corporis
1652 2117 1955 2180 reparatione

546 2197 733 2260 penitus
754 2195 1029 2259 desperans,
1058 2197 1255 2240 nomina
1277 2206 1551 2241 sanctorum
1567 2194 1723 2251 flebili
1742 2211 1861 2240 voce
1882 2211 1954 2239 re·-

551 2271 754 2334 petebat.
790 2270 887 2315 Secl
927 2271 1055 2315 Deus
1087 2271 1289 2317 clemens
1323 2282 1365 2316 et
1398 2272 1688 2325 misericors,
1726 2271 1811 2333 qui
1830 2268 1954 2332 fons

554 2352 697 2395 totius
725 2349 946 2394 bonitatis
977 2348 1251 2412 indeficiens
1276 2360 1549 2412 permanet,
1582 2350 1663 2412 qui
1688 2347 1875 2393 nullum
1905 2350 1954 2393 in

554 2426 833 2472 necessitate
842 2426 1053 2490 positum
1072 2428 1276 2490 spernit,
1303 2429 1531 2471 neminem
1542 2443 1630 2487 pro
1645 2429 1861 2488 potentia
1880 2424 1958 2470 vel

554 2503 732 2549 divitiis
753 2503 902 2564 eligit,
928 2505 1046 2549 satis
1064 2515 1294 2568 optatam,
1318 2515 1361 2548 et
1371 2513 1572 2568 propter
1588 2501 1812 2548 desiderii
1828 2520 1954 2566 aug-

554 2583 905 2636 mentationem,
925 2591 984 2636 et,
1004 2592 1055 2626 ut
1069 2582 1241 2645 adepta
1256 2584 1409 2642 magis
1425 2580 1717 2643 diligeretur,
1732 2579 1949 2636 dilatam,

556 2659 747 2703 tandem
765 2660 984 2722 poscenti
1011 2659 1386 2706 misericordiam
1415 2675 1554 2704 suam
1580 2656 1810 2703 exhibuit.
1840 2656 1953 2702 Ad-

554 2746 663 2781 sunt
676 2740 799 2781 enini
814 2735 1047 2781 clamanti
1060 2748 1252 2782 sanctus
1273 2735 1555 2782 Benedictus
1571 2746 1613 2780 ct
1628 2745 1795 2780 sancta
1816 2733 1953 2796 Egel-
