2085 3455
612 268 691 306 254
977 266 1221 305 HISTORIA
1252 261 1653 302 ECCLESIASTICA.
1882 267 2021 317 [1087]

611 356 656 400 in
692 354 981 419 sarcofagum
1011 355 1299 410 mitteretur,
1331 362 1378 398 et
1407 350 1662 407 violenter,
1693 351 1802 414 quia
1831 369 1910 398 vas
1937 369 2022 416 per

611 431 980 495 imprudentiam
1013 430 1427 477 caementariorum
1457 427 1603 475 breve
1633 439 1865 475 structum
1896 442 2020 488 erat,

609 509 992 571 complicaretur,
1022 506 1356 570 pinguissimus
1388 514 1554 551 venter
1579 505 1785 568 crepuit,
1815 516 1862 551 et
1893 507 2024 552 into-

607 585 814 631 lerabilis
838 586 986 631 foetor
1010 585 1192 630 circum
1215 593 1416 628 astantes
1447 598 1670 645 personas
1702 593 1748 627 et
1786 582 2027 647 reliquum

607 662 776 725 vulgus
795 661 1027 724 implevit.
1044 660 1218 704 Fumus
1236 658 1404 715 thuris,
1426 658 1723 722 aliorumque
1737 669 2021 715 aromatum,

605 738 663 786 de
686 738 943 785 thuribulis
966 737 1152 800 copiose
1177 735 1480 794 ascendebat3
1510 735 1588 782 sed
1613 736 1913 782 teterrimum
1936 755 2027 800 pu-

607 827 761 862 torem
794 814 1042 861 excludere
1079 831 1178 861 non
1213 814 1518 877 praevalebat.
1560 812 1832 860 Sacerdotes
1870 815 2026 879 itaque

606 892 891 939 festinabant
929 891 1146 955 exequias
1183 891 1434 954 perficere,
1474 902 1521 937 et
1554 902 1764 937 actutum
1801 909 1880 938 sua
1918 909 2027 938 cum

612 986 787 1033 pavore
809 969 1044 1032 mappalia
1067 979 1296 1032 repetere.

672 1047 795 1093 Ecce
835 1046 1073 1092 subtiliter
1107 1046 1382 1110 investigavi
1424 1058 1470 1093 et
1513 1047 1741 1093 veraciter
1787 1047 2028 1093 enucleavi

609 1141 715 1188 quae
744 1124 790 1169 in
823 1124 955 1187 lapsu
990 1122 1121 1169 ducis
1158 1122 1467 1186 praeostendit
1495 1123 1740 1187 dispositio
1773 1124 1877 1170 Dei.
1919 1123 2030 1170 Non

610 1201 804 1248 fictilem
838 1200 1122 1266 tragoediam
1157 1200 1405 1257 venundo,
1443 1218 1539 1247 non
1573 1201 1759 1265 loquaci
1794 1199 2029 1247 comoedia

609 1278 1002 1326 cachinnantibus
1024 1279 1236 1343 parasitis
1254 1279 1411 1336 saveo3
1435 1278 1514 1324 sed
1537 1278 1751 1326 studiosis
1772 1278 2030 1325 lectoribus

610 1358 764 1404 varios
784 1368 977 1403 eventus
999 1357 1231 1403 veraciter
1254 1357 1441 1403 intimo.
1466 1358 1598 1403 Inter
1619 1373 1846 1421 prospera
1868 1367 2030 1420 patue-

611 1446 727 1480 runt
745 1433 961 1490 adversa,
985 1445 1038 1480 ut
1060 1445 1360 1481 terrerentur
1379 1435 1730 1498 terrigenarum
1750 1433 1909 1481 corda.
1931 1434 2031 1480 Rex

611 1511 853 1577 quondam
881 1523 1049 1575 potens
1075 1523 1122 1558 et
1145 1511 1419 1569 bellicosus,
1452 1513 1707 1578 multisque
1733 1512 1920 1576 populis
1944 1528 2031 1575 per

611 1591 770 1653 plures
793 1590 1064 1654 provincias
1086 1589 1387 1647 metuendus,
1416 1591 1462 1636 in
1486 1607 1591 1636 area
1611 1591 1758 1654 jacuit
1780 1589 1959 1645 nudus,
1986 1599 2032 1635 et

612 1686 635 1712 a
670 1668 792 1725 suis,
831 1685 949 1733 quos
985 1678 1212 1732 genuerat
1251 1668 1325 1714 vel
1363 1668 1573 1725 aluerat,
1612 1667 1878 1714 destitutus.
1918 1667 2032 1712 AEre

611 1745 768 1792 alieno
793 1747 839 1791 in
863 1744 1052 1791 funebri
1079 1746 1209 1791 cultu
1234 1745 1463 1809 indiguit,
1489 1763 1578 1809 ope
1598 1745 1802 1809 gregarii
1823 1762 1914 1808 pro
1933 1763 2033 1791 san-

611 1820 764 1885 dapila
785 1832 831 1868 et
849 1821 1188 1885 vespilionibus
1209 1821 1527 1868 conducendis
1546 1823 1698 1886 eguit,
1727 1822 1807 1886 qui
1833 1832 1904 1869 tot
1927 1821 2032 1868 hae-

612 1994 755 2028 colebat
776 1996 926 2040 inopioe,
950 1997 1046 2028 circa
1064 1994 1136 2028 sibi
1140 1994 1381 2040 famulantes
1400 1994 1531 2029 lzilaris
1547 2001 1580 2028 et
1599 1994 1781 2038 modesta,
1800 2007 1890 2041 erga
1907 2001 2033 2028 extra-

612 2067 701 2089 neos
734 2054 901 2088 benivola
933 2060 967 2087 et
993 2055 1119 2101 justa,
1154 2055 1381 2100 pauperibus
1408 2055 1532 2101 larga,
1566 2067 1631 2089 suo
1662 2056 1807 2100 corpori
1833 2053 2033 2089 admodum

612 2126 745 2159 parca:
761 2113 853 2160 quid
866 2113 1013 2147 dicam?
1028 2113 1135 2147 Adeo
1148 2120 1186 2148 ut
1203 2114 1372 2148 mnitibus
1386 2114 1567 2148 illecebris
1580 2127 1618 2148 se
1630 2113 1851 2148 abstinendo
1864 2126 1932 2159 per
1942 2114 2033 2147 mul-

614 2179 669 2207 tos
686 2186 805 2208 annos
820 2179 905 2207 ante
925 2175 984 2207 sui
999 2173 1095 2207 diem
1114 2174 1235 2208 obitus
1254 2188 1327 2209 non
1345 2180 1558 2208 vesceretur
1574 2174 1764 2217 carnibus,
1785 2186 1904 2220 neque
1921 2172 2030 2219 quid-

613 2233 707 2280 quid
727 2233 828 2280 quod
852 2233 925 2268 sibi
946 2232 1052 2267 dulce
1076 2235 1198 2268 visum
1207 2242 1278 2268 --cst
1302 2234 1505 2281 gustando,
1529 2233 1598 2269 sed
1617 2236 1685 2268 vix
1710 2235 1919 2268 necessaria
1941 2235 2031 2267 vilae

614 2293 810 2339 capiendo,
829 2295 944 2329 cilicio
959 2293 1090 2328 incluta
1104 2301 1143 2328 ut
1159 2308 1225 2329 nec
1242 2297 1350 2329 etiam
1365 2294 1588 2342 quibusdam
1603 2300 1747 2340 pateret
1751 2293 2027 2341 familiaribus,

614 2353 859 2399 colssl'clalzdo
879 2367 959 2388 cum
977 2357 1079 2389 viliis
1094 2357 1184 2390 vicit
1202 2358 1239 2390 in
1258 2355 1470 2390 virtutibus.
1490 2355 1635 2390 Dehinc
1653 2356 1838 2389 transiens
1854 2354 2031 2401 Braggas

615 2420 649 2448 et
667 2414 720 2448 ibi
743 2415 981 2449 transvolutis
1004 2415 1227 2462 quibusdam
1250 2418 1375 2460 annis,
1401 2422 1436 2451 et
1458 2415 1544 2450 inde
1565 2417 1818 2461 pertransiens
1836 2417 1872 2449 in
1893 2415 2028 2457 Dacia,

616 2474 686 2509 huc
716 2487 863 2509 reversa
876 2503 884 2518 ‚
917 2477 1026 2522 virgo
1057 2479 1334 2525 transmigravit
1365 2479 1401 2511 in
1428 2477 1585 2511 Domino
1597 2505 1604 2519 ,
1637 2489 1734 2511 anno
1767 2477 2031 2510 incarnationis

616 2535 767 2570 Domini
783 2542 825 2569 ΜΟ
844 2542 948 2569 Lxxx⁰
968 2543 1048 2579 vn0,
1072 2549 1168 2571 nono
1186 2537 1367 2572 kalendas
1386 2537 1618 2585 septembris,
1643 2538 1731 2571 luna
1751 2544 1808 2571 xx‘·
1825 2544 1873 2569 11³.

663 2597 710 2631 La
737 2596 859 2632 chaste
884 2604 920 2632 et
944 2599 1069 2644 pieuse
1097 2599 1280 2645 princesse
1307 2610 1410 2646 passa
1439 2611 1474 2633 sa
1501 2599 1556 2632 vie
1581 2597 1670 2633 dans
1692 2598 1744 2632 les
1769 2597 1900 2631 larmes
1921 2602 1959 2629 et
1981 2595 2030 2629 les

616 2657 877 2700 macerations;
898 2658 989 2692 mais
1012 2670 1065 2692 ses
1086 2658 1251 2694 derniers
1268 2666 1449 2695 moments
1465 2659 1590 2693 furent
1606 2658 1793 2705 paisibles,
1814 2664 1851 2692 et
1869 2661 2030 2702 exempts

617 2716 662 2750 de
680 2723 762 2751 tous
779 2715 830 2752 les
854 2717 1020 2752 remords
1043 2725 1079 2752 et
1099 2718 1143 2752 de
1165 2726 1245 2754 tous
1266 2719 1315 2754 les
1336 2719 1519 2755 scandales
1537 2719 1600 2766 qui
1620 2717 1911 2753 deshonorerent
1927 2715 1959 2751 la
1981 2715 2028 2749 fin

618 2776 662 2809 de
681 2776 851 2811 l'onnemi
872 2777 917 2810 de
935 2789 969 2811 sa
987 2777 1134 2811 famille.
