2085 3455
507 324 582 361 132
868 321 1110 360 HISTORIA
1140 321 1541 360 ECCLESIASTICA.
1638 324 1909 374 [1115-1116]

503 409 630 455 beati
647 408 784 455 Petri
801 407 1078 466 basilicam,
1101 426 1211 474 quse
1234 411 1309 458 W
1301 413 1709 456 estmonasterium
1725 411 1912 473 anglice

503 496 824 552 nuncupatur,
847 485 1130 544 devenisset,
1158 485 1310 533 abbas
1330 486 1544 551 ejusdem
1564 487 1658 533 loci
1680 486 1912 533 Gisleber-

503 575 575 611 tus
592 564 682 628 (1),
709 566 784 610 vir
802 563 965 610 litteris
988 563 1261 610 liberalibus
1281 574 1326 610 et
1343 564 1516 611 divinis
1540 563 1908 623 eruditissimus,

505 659 612 688 cum
641 643 771 686 omni
793 656 939 704 grege
961 640 1295 687 monachorum
1327 651 1371 686 et
1404 652 1644 706 apparatu
1675 641 1908 700 ecclesiae,

503 718 686 765 obviam
725 717 796 763 illi
827 718 1179 782 processionem
1214 728 1351 764 extra
1386 723 1723 764 monasterium
1752 718 1910 765 duxit.

506 795 708 842 Dicebat
729 795 855 840 enim
878 812 888 839 :
913 793 960 839 Si
984 792 1188 841 hominis
1211 793 1403 857 alicujus
1425 795 1602 840 mortui
1628 794 1841 858 reliquiae
1866 796 1913 841 in

503 871 708 917 Ecclesia
734 870 894 917 festive
916 870 1063 933 recipi
1087 868 1288 927 debent,
1314 870 1466 917 multo
1489 870 1636 934 magis
1659 871 1785 917 vivas
1808 871 1915 918 reli-

503 950 650 1013 quiaS‚
671 948 794 994 hunc
808 947 1027 995 videlicet
1039 947 1299 1004 hominem,
1314 946 1577 994 honorifice
1594 948 1909 1012 suscipiamus.

502 1026 570 1071 De
600 1035 792 1073 mortuo
821 1040 1052 1089 namque,
1083 1023 1164 1070 ubi
1194 1025 1253 1070 sit
1283 1024 1474 1087 spiritus
1503 1025 1625 1088 ejus,
1656 1041 1742 1072 nos
1763 1024 1914 1072 adhuc

506 1103 553 1148 in
576 1101 732 1165 fragili
764 1101 856 1147 vita
889 1101 1028 1164 positi
1051 1100 1346 1159 dubitamus;
1373 1100 1431 1148 de
1453 1101 1542 1149 isto
1567 1119 1707 1161 vero,
1735 1102 1863 1167 quod
1887 1121 1912 1149 a

503 1179 625 1236 Deo,
652 1179 733 1243 qui
756 1178 876 1224 nihil
901 1179 1070 1243 injuste
1098 1179 1232 1237 facit,
1266 1179 1315 1225 in
1342 1189 1504 1226 nostra
1526 1180 1775 1244 praesentia
1798 1181 1913 1227 visi-

505 1267 624 1302 tatus
647 1274 698 1302 ac
723 1255 948 1303 liberatus
972 1257 1054 1314 sit,
1083 1273 1181 1303 non
1206 1257 1495 1322 ignoramusL

574 1336 788 1400 Cumque
821 1335 926 1382 Deo
952 1353 1042 1401 pro
1069 1353 1214 1401 posse
1247 1353 1336 1383 suo
1365 1337 1520 1401 juxta
1555 1339 1914 1384 aestimationem

504 1431 639 1459 suam
664 1414 1017 1460 venerationem
1035 1413 1246 1459 debitam
1258 1431 1349 1479 pro
1368 1414 1496 1461 illius
1520 1414 1791 1462 liberatione
1814 1415 1916 1462 red-

505 1489 762 1546 didissent,
789 1491 959 1554 regina
983 1490 1118 1536 illum
1142 1489 1212 1536 ad
1235 1490 1483 1537 ecclesiam
1503 1502 1685 1538 sanctae
1708 1493 1914 1556 virginis

506 1567 554 1612 E
553 1565 792 1630 geldridce
804 1566 854 1612 in
866 1566 949 1612 Eli
952 1568 1054 1614 ensi
1067 1567 1230 1613 insula
1246 1584 1352 1613 eum
1363 1567 1540 1630 grandi
1552 1568 1728 1615 lionore
1739 1580 1782 1615 et
1793 1587 1917 1634 gau-

507 1642 588 1688 dio
602 1644 795 1689 remisit.
818 1643 929 1707 Ego
943 1654 1118 1702 autem,
1140 1654 1183 1689 et
1200 1645 1353 1690 omnis
1368 1644 1706 1691 monachorum
1725 1663 1917 1692 conven-

509 1731 601 1777 tus,
623 1737 731 1767 cum
750 1723 891 1766 cereis
914 1731 957 1766 et
976 1720 1196 1768 crucibus
1210 1721 1634 1784 processionaliter
1647 1722 1835 1768 obviam
1853 1725 1914 1780 ei,

508 1797 575 1843 Te
597 1798 748 1843 Deum
772 1795 1011 1843 laudamus
1037 1808 1309 1854 cantantes,
1336 1799 1584 1844 exivimus.
1618 1799 1833 1863 Cumque
1857 1800 1920 1846 il-

513 1875 607 1920 lum
609 1872 806 1937 festive,
831 1885 879 1920 ut
897 1874 1116 1932 decebat,
1138 1877 1186 1920 in
1208 1875 1460 1922 ecelesiam
1481 1876 1918 1933 introduceremus,-

511 1952 682 1998 (livinis
737 1951 964 1998 laudibus
1013 1952 1261 1999 celebratis
1276 1991 1290 2010 ,
1346 1953 1658 2000 monachilem
1710 1954 1920 2001 habitum

510 2031 526 2091 (
531 2047 669 2093 quem
691 2030 777 2075 diu
800 2029 1173 2091 desideraverat)
1195 2033 1244 2076 in
1269 2029 1443 2076 honore
1461 2033 1752 2078 sanctissimi
1773 2032 1921 2078 Bene-

510 2102 630 2148 dicti
652 2102 915 2148 liberatoris
936 2104 1014 2148 sui
1035 2103 1080 2148 ei
1101 2102 1413 2149 tradidimus.
1442 2104 1595 2151 Boias
1615 2115 1796 2162 autem,
1822 2106 1923 2168 qui-

512 2178 597 2224 bus
618 2178 916 2243 compeditus
929 2179 1122 2239 fuerat,
1149 2179 1205 2224 ob
1226 2179 1449 2226 honorem
1468 2183 1624 2227 sancti
1639 2180 1916 2239 Benedicti,

512 2259 591 2318 qui
629 2272 710 2301 eas
748 2253 1073 2320 confregerat,
1111 2274 1294 2304 necnon
1335 2259 1690 2304 venerationem
1720 2259 1921 2323 virginis

559 2463 610 2508 (1)
641 2461 827 2497 Gislebcrt
853 2462 1025 2509 Crespin‚
1055 2463 1146 2498 abbe
1173 2463 1218 2497 de
1246 2464 1526 2507 Wcstminster‚
1559 2464 1612 2499 fils
1637 2465 1682 2499 de
1710 2465 1921 2500 Guillaumc

513 2522 684 2568 Crespin,
710 2533 937 2568 gouverneur
955 2521 1000 2556 de
1019 2522 1186 2566 Neausse‚
1207 2530 1244 2558 et
1262 2522 1338 2557 l'un
1356 2523 1418 2557 des
1437 2523 1516 2570 plus
1536 2524 1668 2570 grands
1687 2525 1922 2560 bienfaiteurs

514 2579 558 2613 de
574 2579 736 2624 l'abbsve
753 2579 802 2613 du
828 2579 915 2621 Boc,
934 2581 953 2614 2¹1
973 2579 1126 2627 laquelle
1144 2581 1169 2615 il
1188 2580 1308 2615 donna
1326 2581 1358 2615 la
1379 2588 1472 2616 torre
1490 2581 1540 2616 du
1561 2582 1826 2618 Ten-Nollent.

557 2638 744 2673 Gislebcrt
763 2639 916 2685 Crespin
939 2640 994 2673 fut
1020 2640 1095 2674 l'un
1120 2641 1182 2675 des
1206 2648 1354 2676 auteurs
1374 2641 1423 2675 les
1446 2641 1525 2688 plus
1549 2649 1687 2677 savants
1710 2649 1745 2677 ct
1769 2643 1818 2677 les
1840 2643 1921 2689 plus

514 2696 660 2731 {cconds
686 2696 731 2731 dc
760 2708 822 2731 son
849 2699 1002 2745 epoque.
1032 2698 1060 2732 11
1085 2700 1221 2745 parali,
1249 2707 1374 2734 contre
1397 2699 1572 2746 l'opinion
1596 2713 1807 2742 commune,
1833 2701 1922 2748 qu'il

513 2757 656 2791 existait
679 2768 809 2792 encore
832 2769 877 2791 en
900 2757 999 2793 1125.
1022 2759 1163 2804 Yoyez,
1188 2771 1248 2794 sur
1269 2772 1303 2794 sa
1322 2760 1376 2795 vie
1395 2767 1429 2794 et
1448 2772 1500 2795 scs
1521 2773 1710 2807 ouvrages,
1736 2761 1919 2797 l'Hisloire

516 2818 687 2851 lsuc'rm're
707 2816 750 2851 (Ic
776 2817 928 2852 France.
953 2826 976 2852 t.
1002 2818 1052 2859 X,
1078 2832 1112 2860 11.
1139 2831 1299 2866 192-201.
