<?xml version="1.0" encoding="UTF-8"?>
<!DOCTYPE html PUBLIC "-//W3C//DTD XHTML 1.0 Transitional//EN"
    "http://www.w3.org/TR/xhtml1/DTD/xhtml1-transitional.dtd">
<html xmlns="http://www.w3.org/1999/xhtml" xml:lang="en" lang="en">
 <head>
  <title>
</title>
<meta http-equiv="Content-Type" content="text/html;charset=utf-8" />
  <meta name='ocr-system' content='tesseract 3.04.00' />
  <meta name='ocr-capabilities' content='ocr_page ocr_carea ocr_par ocr_line ocrx_word'/>
</head>
<body>
  <div class='ocr_page' id='page_1' title='image "./ordericivitalish03ordeuoft/ordericivitalish03ordeuoft_0660.png"; bbox 0 0 2085 3455; ppageno 0'>
   <div class='ocr_carea' id='block_1_1' title="bbox 579 358 1983 412">
    <p class='ocr_par' dir='ltr' id='par_1_1' title="bbox 579 358 1983 412">
     <span class='ocr_line' id='line_1_1' title="bbox 579 358 1983 412; baseline 0.004 -18"><span class='ocrx_word' id='word_1_1' title='bbox 579 358 657 395; x_wconf 64' lang='lat'><strong>534</strong></span> <span class='ocrx_word' id='word_1_2' title='bbox 944 358 1187 397; x_wconf 87' lang='lat' dir='ltr'><strong>HISTORIA</strong></span> <span class='ocrx_word' id='word_1_3' title='bbox 1217 358 1625 398; x_wconf 80' lang='lat' dir='ltr'><strong>ECCLESIASTICA.</strong></span> <span class='ocrx_word' id='word_1_4' title='bbox 1733 362 1840 408; x_wconf 70' lang='lat' dir='ltr'>[MAIO</span> <span class='ocrx_word' id='word_1_5' title='bbox 1863 364 1983 412; x_wconf 77' lang='lat'>1098]</span> 
     </span>
    </p>
   </div>
   <div class='ocr_carea' id='block_1_2' title="bbox 577 444 2004 2060">
    <p class='ocr_par' dir='ltr' id='par_1_2' title="bbox 577 444 2001 1731">
     <span class='ocr_line' id='line_1_2' title="bbox 579 444 1982 510; baseline 0.003 -20"><span class='ocrx_word' id='word_1_6' title='bbox 579 445 661 492; x_wconf 84' lang='lat' dir='ltr'><strong>illo</strong></span> <span class='ocrx_word' id='word_1_7' title='bbox 680 444 929 502; x_wconf 87' lang='lat' dir='ltr'><strong>servando,</strong></span> <span class='ocrx_word' id='word_1_8' title='bbox 953 464 1061 493; x_wconf 89' lang='lat' dir='ltr'><strong>cum</strong></span> <span class='ocrx_word' id='word_1_9' title='bbox 1084 446 1375 510; x_wconf 89' lang='lat' dir='ltr'><strong>primoribus</strong></span> <span class='ocrx_word' id='word_1_10' title='bbox 1399 446 1693 493; x_wconf 80' lang='lat' dir='ltr'>Francorum</span> <span class='ocrx_word' id='word_1_11' title='bbox 1712 457 1874 509; x_wconf 87' lang='lat' dir='ltr'><strong>pactus</strong></span> <span class='ocrx_word' id='word_1_12' title='bbox 1897 459 1982 494; x_wconf 89' lang='lat' dir='ltr'><strong>est.</strong></span> 
     </span>
     <span class='ocr_line' id='line_1_3' title="bbox 577 521 1988 588; baseline 0.003 -21"><span class='ocrx_word' id='word_1_13' title='bbox 577 521 749 568; x_wconf 84' lang='lat' dir='ltr'><strong>Omnes</strong></span> <span class='ocrx_word' id='word_1_14' title='bbox 774 522 900 569; x_wconf 89' lang='lat' dir='ltr'><strong>enim</strong></span> <span class='ocrx_word' id='word_1_15' title='bbox 921 523 996 568; x_wconf 91' lang='lat' dir='ltr'><strong>alii</strong></span> <span class='ocrx_word' id='word_1_16' title='bbox 1023 524 1216 569; x_wconf 83' lang='lat' dir='ltr'><strong>tutelam</strong></span> <span class='ocrx_word' id='word_1_17' title='bbox 1243 523 1508 588; x_wconf 85' lang='lat' dir='ltr'><strong>hujusmodi</strong></span> <span class='ocrx_word' id='word_1_18' title='bbox 1533 524 1872 569; x_wconf 83' lang='lat' dir='ltr'><strong>refutaverunt.</strong></span> <span class='ocrx_word' id='word_1_19' title='bbox 1897 525 1988 571; x_wconf 83' lang='lat' dir='ltr'><strong>Ex-</strong></span> 
     </span>
     <span class='ocr_line' id='line_1_4' title="bbox 578 600 1989 665; baseline 0.002 -20"><span class='ocrx_word' id='word_1_20' title='bbox 578 600 680 646; x_wconf 88' lang='lat' dir='ltr'><strong>citis</strong></span> <span class='ocrx_word' id='word_1_21' title='bbox 704 600 861 664; x_wconf 85' lang='lat' dir='ltr'><strong>itaque</strong></span> <span class='ocrx_word' id='word_1_22' title='bbox 878 600 1281 647; x_wconf 81' lang='lat' dir='ltr'><strong>commilitonibus</strong></span> <span class='ocrx_word' id='word_1_23' title='bbox 1300 600 1656 665; x_wconf 77' lang='lat' dir='ltr'><strong>fautoribusque</strong></span> <span class='ocrx_word' id='word_1_24' title='bbox 1678 601 1797 658; x_wconf 88' lang='lat' dir='ltr'><strong>suis,</strong></span> <span class='ocrx_word' id='word_1_25' title='bbox 1821 602 1989 648; x_wconf 81' lang='lat' dir='ltr'><strong>castel-</strong></span> 
     </span>
     <span class='ocr_line' id='line_1_5' title="bbox 578 677 1989 736; baseline 0.001 -12"><span class='ocrx_word' id='word_1_26' title='bbox 578 678 679 724; x_wconf 91' lang='lat' dir='ltr'><strong>lum</strong></span> <span class='ocrx_word' id='word_1_27' title='bbox 702 679 901 736; x_wconf 86' lang='lat' dir='ltr'><strong>muniit,</strong></span> <span class='ocrx_word' id='word_1_28' title='bbox 929 677 1093 725; x_wconf 90' lang='lat' dir='ltr'><strong>obesse</strong></span> <span class='ocrx_word' id='word_1_29' title='bbox 1115 679 1223 725; x_wconf 88' lang='lat' dir='ltr'><strong>urbi</strong></span> <span class='ocrx_word' id='word_1_30' title='bbox 1247 680 1420 726; x_wconf 87' lang='lat' dir='ltr'><strong>acriter</strong></span> <span class='ocrx_word' id='word_1_31' title='bbox 1443 678 1653 734; x_wconf 86' lang='lat' dir='ltr'><strong>obstitit,</strong></span> <span class='ocrx_word' id='word_1_32' title='bbox 1680 679 1776 724; x_wconf 79' lang='lat' dir='ltr'><strong>vias</strong></span> <span class='ocrx_word' id='word_1_33' title='bbox 1799 689 1845 725; x_wconf 88' lang='lat' dir='ltr'><strong>et</strong></span> <span class='ocrx_word' id='word_1_34' title='bbox 1866 679 1989 726; x_wconf 85' lang='lat' dir='ltr'><strong>invia</strong></span> 
     </span>
     <span class='ocr_line' id='line_1_6' title="bbox 580 756 1991 820; baseline 0.003 -20"><span class='ocrx_word' id='word_1_35' title='bbox 580 756 861 820; x_wconf 87' lang='lat' dir='ltr'><strong>irrequietus</strong></span> <span class='ocrx_word' id='word_1_36' title='bbox 886 756 1170 803; x_wconf 82' lang='lat' dir='ltr'><strong>observavit.</strong></span> <span class='ocrx_word' id='word_1_37' title='bbox 1191 757 1402 817; x_wconf 84' lang='lat' dir='ltr'><strong>Quadam</strong></span> <span class='ocrx_word' id='word_1_38' title='bbox 1424 756 1498 804; x_wconf 86' lang='lat' dir='ltr'><strong>die</strong></span> <span class='ocrx_word' id='word_1_39' title='bbox 1518 757 1741 803; x_wconf 87' lang='lat' dir='ltr'><strong>Surianos</strong></span> <span class='ocrx_word' id='word_1_40' title='bbox 1762 767 1808 802; x_wconf 88' lang='lat' dir='ltr'><strong>et</strong></span> <span class='ocrx_word' id='word_1_41' title='bbox 1826 756 1991 804; x_wconf 86' lang='lat' dir='ltr'><strong>Arme-</strong></span> 
     </span>
     <span class='ocr_line' id='line_1_7' title="bbox 579 833 1993 896; baseline 0.001 -18"><span class='ocrx_word' id='word_1_42' title='bbox 579 834 705 891; x_wconf 88' lang='lat' dir='ltr'><strong>nios,</strong></span> <span class='ocrx_word' id='word_1_43' title='bbox 735 834 1017 892; x_wconf 85' lang='lat' dir='ltr'><strong>necessaria,</strong></span> <span class='ocrx_word' id='word_1_44' title='bbox 1043 845 1096 880; x_wconf 85' lang='lat' dir='ltr'><strong>ut</strong></span> <span class='ocrx_word' id='word_1_45' title='bbox 1129 834 1370 891; x_wconf 85' lang='lat' dir='ltr'><strong>solebant,</strong></span> <span class='ocrx_word' id='word_1_46' title='bbox 1407 835 1455 880; x_wconf 86' lang='lat' dir='ltr'><strong>in</strong></span> <span class='ocrx_word' id='word_1_47' title='bbox 1487 834 1656 881; x_wconf 89' lang='lat' dir='ltr'><strong>urbem</strong></span> <span class='ocrx_word' id='word_1_48' title='bbox 1694 833 1993 896; x_wconf 80' lang='lat' dir='ltr'><strong>abundanter</strong></span> 
     </span>
     <span class='ocr_line' id='line_1_8' title="bbox 578 910 1996 977; baseline 0.001 -21"><span class='ocrx_word' id='word_1_49' title='bbox 578 910 854 966; x_wconf 82' lang='lat' dir='ltr'><strong>deferentes,</strong></span> <span class='ocrx_word' id='word_1_50' title='bbox 873 911 1080 967; x_wconf 83' lang='lat' dir='ltr'><strong>invenit3</strong></span> <span class='ocrx_word' id='word_1_51' title='bbox 1105 912 1324 958; x_wconf 82' lang='lat' dir='ltr'><strong>celeriter</strong></span> <span class='ocrx_word' id='word_1_52' title='bbox 1341 929 1601 977; x_wconf 72' lang='lat' dir='ltr'><strong>aggressus,</strong></span> <span class='ocrx_word' id='word_1_53' title='bbox 1624 913 1783 959; x_wconf 86' lang='lat' dir='ltr'><strong>omnia</strong></span> <span class='ocrx_word' id='word_1_54' title='bbox 1799 929 1905 976; x_wconf 82' lang='lat' dir='ltr'><strong>quae</strong></span> <span class='ocrx_word' id='word_1_55' title='bbox 1919 911 1996 958; x_wconf 87' lang='lat' dir='ltr'><strong>de-</strong></span> 
     </span>
     <span class='ocr_line' id='line_1_9' title="bbox 578 987 1997 1053; baseline 0.002 -20"><span class='ocrx_word' id='word_1_56' title='bbox 578 987 793 1034; x_wconf 88' lang='lat' dir='ltr'><strong>ferebant</strong></span> <span class='ocrx_word' id='word_1_57' title='bbox 821 987 1040 1044; x_wconf 84' lang='lat' dir='ltr'><strong>abstulit,</strong></span> <span class='ocrx_word' id='word_1_58' title='bbox 1064 989 1319 1053; x_wconf 82' lang='lat' dir='ltr'><strong>spoliisque</strong></span> <span class='ocrx_word' id='word_1_59' title='bbox 1343 990 1513 1052; x_wconf 86' lang='lat' dir='ltr'><strong>opimis</strong></span> <span class='ocrx_word' id='word_1_60' title='bbox 1530 1001 1577 1035; x_wconf 89' lang='lat' dir='ltr'><strong>et</strong></span> <span class='ocrx_word' id='word_1_61' title='bbox 1601 989 1882 1035; x_wconf 77' lang='lat' dir='ltr'><strong>victualibus</strong></span> <span class='ocrx_word' id='word_1_62' title='bbox 1899 990 1997 1053; x_wconf 80' lang='lat' dir='ltr'><strong>glo-</strong></span> 
     </span>
     <span class='ocr_line' id='line_1_10' title="bbox 581 1064 1999 1129; baseline 0 -19"><span class='ocrx_word' id='word_1_63' title='bbox 581 1066 702 1111; x_wconf 87' lang='lat' dir='ltr'><strong>riose</strong></span> <span class='ocrx_word' id='word_1_64' title='bbox 718 1064 891 1110; x_wconf 86' lang='lat' dir='ltr'><strong>ditatus</strong></span> <span class='ocrx_word' id='word_1_65' title='bbox 905 1101 917 1123; x_wconf 90' lang='lat'>‚</span> <span class='ocrx_word' id='word_1_66' title='bbox 938 1066 1077 1112; x_wconf 84' lang='lat' dir='ltr'><strong>sociis</strong></span> <span class='ocrx_word' id='word_1_67' title='bbox 1099 1065 1332 1111; x_wconf 79' lang='lat' dir='ltr'><strong>subvenit.</strong></span> <span class='ocrx_word' id='word_1_68' title='bbox 1361 1066 1648 1112; x_wconf 87' lang='lat' dir='ltr'><strong>Antiocheni</strong></span> <span class='ocrx_word' id='word_1_69' title='bbox 1670 1083 1785 1129; x_wconf 78' lang='lat' dir='ltr'><strong>ergo</strong></span> <span class='ocrx_word' id='word_1_70' title='bbox 1800 1102 1811 1123; x_wconf 89' lang='lat'>‚</span> <span class='ocrx_word' id='word_1_71' title='bbox 1838 1077 1885 1112; x_wconf 85' lang='lat' dir='ltr'><strong>et</strong></span> <span class='ocrx_word' id='word_1_72' title='bbox 1902 1082 1999 1112; x_wconf 84' lang='lat' dir='ltr'><strong>om-</strong></span> 
     </span>
     <span class='ocr_line' id='line_1_11' title="bbox 581 1140 1999 1206; baseline 0.001 -21"><span class='ocrx_word' id='word_1_73' title='bbox 581 1142 873 1187; x_wconf 85' lang='lat' dir='ltr'><strong>nesfautores</strong></span> <span class='ocrx_word' id='word_1_74' title='bbox 889 1158 1056 1188; x_wconf 88' lang='lat' dir='ltr'><strong>eorum</strong></span> <span class='ocrx_word' id='word_1_75' title='bbox 1066 1141 1202 1188; x_wconf 89' lang='lat' dir='ltr'><strong>valde</strong></span> <span class='ocrx_word' id='word_1_76' title='bbox 1214 1143 1459 1205; x_wconf 81' lang='lat' dir='ltr'><strong>perterriti</strong></span> <span class='ocrx_word' id='word_1_77' title='bbox 1474 1153 1602 1200; x_wconf 87' lang='lat' dir='ltr'><strong>sunt,</strong></span> <span class='ocrx_word' id='word_1_78' title='bbox 1613 1153 1660 1188; x_wconf 87' lang='lat' dir='ltr'><strong>et</strong></span> <span class='ocrx_word' id='word_1_79' title='bbox 1672 1140 1999 1206; x_wconf 75' lang='lat' dir='ltr'><strong>frequentibus</strong></span> 
     </span>
     <span class='ocr_line' id='line_1_12' title="bbox 584 1219 1995 1283; baseline 0.001 -19"><span class='ocrx_word' id='word_1_80' title='bbox 584 1219 854 1265; x_wconf 73' lang='lat' dir='ltr'><strong>infortuniis</strong></span> <span class='ocrx_word' id='word_1_81' title='bbox 879 1230 927 1265; x_wconf 89' lang='lat' dir='ltr'><strong>et</strong></span> <span class='ocrx_word' id='word_1_82' title='bbox 951 1219 1294 1266; x_wconf 80' lang='lat' dir='ltr'><strong>calamitatibus</strong></span> <span class='ocrx_word' id='word_1_83' title='bbox 1319 1221 1529 1283; x_wconf 89' lang='lat' dir='ltr'><strong>oppressi</strong></span> <span class='ocrx_word' id='word_1_84' title='bbox 1559 1231 1671 1266; x_wconf 90' lang='lat' dir='ltr'><strong>sunt</strong></span> <span class='ocrx_word' id='word_1_85' title='bbox 1689 1221 1778 1283; x_wconf 81' lang='lat' dir='ltr'><strong>(i).</strong></span> <span class='ocrx_word' id='word_1_86' title='bbox 1799 1220 1995 1274; x_wconf 85' lang='lat' dir='ltr'><strong>Franci,</strong></span> 
     </span>
     <span class='ocr_line' id='line_1_13' title="bbox 580 1295 1998 1353; baseline 0.001 -13"><span class='ocrx_word' id='word_1_87' title='bbox 580 1295 794 1342; x_wconf 89' lang='lat' dir='ltr'><strong>moribus</strong></span> <span class='ocrx_word' id='word_1_88' title='bbox 815 1296 1068 1343; x_wconf 85' lang='lat' dir='ltr'><strong>ferociores</strong></span> <span class='ocrx_word' id='word_1_89' title='bbox 1080 1332 1094 1353; x_wconf 89' lang='lat'><em>,</em></span> <span class='ocrx_word' id='word_1_90' title='bbox 1125 1307 1294 1343; x_wconf 86' lang='lat' dir='ltr'><strong>natura</strong></span> <span class='ocrx_word' id='word_1_91' title='bbox 1328 1297 1663 1352; x_wconf 77' lang='lat' dir='ltr'><strong>animosioreS,</strong></span> <span class='ocrx_word' id='word_1_92' title='bbox 1685 1314 1772 1342; x_wconf 85' lang='lat' dir='ltr'><strong>usu</strong></span> <span class='ocrx_word' id='word_1_93' title='bbox 1798 1296 1845 1342; x_wconf 88' lang='lat' dir='ltr'><strong>in</strong></span> <span class='ocrx_word' id='word_1_94' title='bbox 1869 1295 1998 1342; x_wconf 91' lang='lat' dir='ltr'><strong>bello</strong></span> 
     </span>
     <span class='ocr_line' id='line_1_14' title="bbox 581 1370 1998 1438; baseline -0.001 -20"><span class='ocrx_word' id='word_1_95' title='bbox 581 1370 894 1434; x_wconf 85' lang='lat' dir='ltr'><strong>expeditiores</strong></span> <span class='ocrx_word' id='word_1_96' title='bbox 915 1383 1051 1419; x_wconf 86' lang='lat' dir='ltr'><strong>erant</strong></span> <span class='ocrx_word' id='word_1_97' title='bbox 1063 1409 1076 1430; x_wconf 93' lang='lat'><em>‚</em></span> <span class='ocrx_word' id='word_1_98' title='bbox 1094 1384 1141 1419; x_wconf 86' lang='lat' dir='ltr'><strong>et</strong></span> <span class='ocrx_word' id='word_1_99' title='bbox 1158 1373 1215 1418; x_wconf 86' lang='lat' dir='ltr'><strong>ad</strong></span> <span class='ocrx_word' id='word_1_100' title='bbox 1233 1372 1322 1420; x_wconf 90' lang='lat' dir='ltr'><strong>hoc</strong></span> <span class='ocrx_word' id='word_1_101' title='bbox 1344 1374 1392 1419; x_wconf 92' lang='lat' dir='ltr'><strong>in</strong></span> <span class='ocrx_word' id='word_1_102' title='bbox 1410 1373 1694 1438; x_wconf 79' lang='lat' dir='ltr'><strong>longinquas</strong></span> <span class='ocrx_word' id='word_1_103' title='bbox 1714 1373 1929 1437; x_wconf 80' lang='lat' dir='ltr'><strong>regiones</strong></span> <span class='ocrx_word' id='word_1_104' title='bbox 1952 1382 1998 1417; x_wconf 88' lang='lat' dir='ltr'><strong>et</strong></span> 
     </span>
     <span class='ocr_line' id='line_1_15' title="bbox 581 1450 1997 1515; baseline 0.001 -18"><span class='ocrx_word' id='word_1_105' title='bbox 581 1462 762 1498; x_wconf 83' lang='lat' dir='ltr'><strong>exteras</strong></span> <span class='ocrx_word' id='word_1_106' title='bbox 780 1452 995 1498; x_wconf 87' lang='lat' dir='ltr'><strong>nationes</strong></span> <span class='ocrx_word' id='word_1_107' title='bbox 1011 1453 1100 1497; x_wconf 86' lang='lat' dir='ltr'><strong>iter</strong></span> <span class='ocrx_word' id='word_1_108' title='bbox 1116 1453 1418 1515; x_wconf 88' lang='lat' dir='ltr'><strong>arripuerant</strong></span> <span class='ocrx_word' id='word_1_109' title='bbox 1430 1452 1740 1515; x_wconf 78' lang='lat' dir='ltr'><strong>longanimes.</strong></span> <span class='ocrx_word' id='word_1_110' title='bbox 1760 1450 1833 1497; x_wconf 86' lang='lat' dir='ltr'><strong>Ad</strong></span> <span class='ocrx_word' id='word_1_111' title='bbox 1847 1452 1997 1498; x_wconf 87' lang='lat' dir='ltr'><strong>Deum</strong></span> 
     </span>
     <span class='ocr_line' id='line_1_16' title="bbox 584 1529 2000 1594; baseline -0.001 -19"><span class='ocrx_word' id='word_1_112' title='bbox 584 1530 632 1575; x_wconf 89' lang='lat' dir='ltr'><strong>in</strong></span> <span class='ocrx_word' id='word_1_113' title='bbox 667 1529 892 1594; x_wconf 78' lang='lat' dir='ltr'><strong>angustiis</strong></span> <span class='ocrx_word' id='word_1_114' title='bbox 928 1529 1250 1593; x_wconf 78' lang='lat' dir='ltr'><strong>suspirabant,</strong></span> <span class='ocrx_word' id='word_1_115' title='bbox 1287 1529 1533 1593; x_wconf 86' lang='lat' dir='ltr'><strong>ipsumque</strong></span> <span class='ocrx_word' id='word_1_116' title='bbox 1565 1529 1611 1574; x_wconf 84' lang='lat' dir='ltr'><strong>in</strong></span> <span class='ocrx_word' id='word_1_117' title='bbox 1649 1529 2000 1575; x_wconf 87' lang='lat' dir='ltr'><strong>necessitatibus</strong></span> 
     </span>
     <span class='ocr_line' id='line_1_17' title="bbox 583 1606 2001 1671; baseline 0.001 -20"><span class='ocrx_word' id='word_1_118' title='bbox 583 1607 676 1652; x_wconf 84' lang='lat' dir='ltr'><strong>suis</strong></span> <span class='ocrx_word' id='word_1_119' title='bbox 704 1607 971 1671; x_wconf 76' lang='lat' dir='ltr'><strong>adjutorem</strong></span> <span class='ocrx_word' id='word_1_120' title='bbox 1000 1606 1308 1663; x_wconf 77' lang='lat' dir='ltr'><strong>invocabant,</strong></span> <span class='ocrx_word' id='word_1_121' title='bbox 1335 1607 1472 1671; x_wconf 88' lang='lat' dir='ltr'><strong>eique</strong></span> <span class='ocrx_word' id='word_1_122' title='bbox 1506 1607 1781 1671; x_wconf 81' lang='lat' dir='ltr'><strong>frequenter</strong></span> <span class='ocrx_word' id='word_1_123' title='bbox 1805 1624 1896 1670; x_wconf 85' lang='lat' dir='ltr'><strong>pro</strong></span> <span class='ocrx_word' id='word_1_124' title='bbox 1920 1606 2001 1653; x_wconf 88' lang='lat' dir='ltr'><strong>hu-</strong></span> 
     </span>
     <span class='ocr_line' id='line_1_18' title="bbox 583 1683 1590 1731; baseline 0.001 -2"><span class='ocrx_word' id='word_1_125' title='bbox 583 1685 734 1730; x_wconf 90' lang='lat' dir='ltr'><strong>manis</strong></span> <span class='ocrx_word' id='word_1_126' title='bbox 760 1684 1022 1731; x_wconf 86' lang='lat' dir='ltr'><strong>excessibus</strong></span> <span class='ocrx_word' id='word_1_127' title='bbox 1047 1683 1206 1731; x_wconf 83' lang='lat' dir='ltr'><strong>devoti</strong></span> <span class='ocrx_word' id='word_1_128' title='bbox 1231 1683 1590 1730; x_wconf 73' lang='lat' dir='ltr'><strong>satisfaciebant.</strong></span> 
     </span>
    </p>

    <p class='ocr_par' dir='ltr' id='par_1_3' title="bbox 584 1760 2004 2060">
     <span class='ocr_line' id='line_1_19' title="bbox 649 1760 2002 1826; baseline 0.001 -19"><span class='ocrx_word' id='word_1_129' title='bbox 649 1763 811 1808; x_wconf 89' lang='lat' dir='ltr'><strong>Pirrus</strong></span> <span class='ocrx_word' id='word_1_130' title='bbox 836 1763 1060 1807; x_wconf 83' lang='lat' dir='ltr'><strong>Datianus</strong></span> <span class='ocrx_word' id='word_1_131' title='bbox 1086 1762 1176 1824; x_wconf 81' lang='lat'>(2),</span> <span class='ocrx_word' id='word_1_132' title='bbox 1198 1760 1391 1826; x_wconf 85' lang='lat' dir='ltr'><strong>quidam</strong></span> <span class='ocrx_word' id='word_1_133' title='bbox 1414 1760 1712 1820; x_wconf 81' lang='lat' dir='ltr'><strong>Admiratus,</strong></span> <span class='ocrx_word' id='word_1_134' title='bbox 1732 1762 2002 1809; x_wconf 81' lang='lat' dir='ltr'><strong>Turcorum</strong></span> 
     </span>
     <span class='ocr_line' id='line_1_20' title="bbox 584 1839 2001 1905; baseline -0.001 -18"><span class='ocrx_word' id='word_1_135' title='bbox 584 1841 801 1905; x_wconf 84' lang='lat' dir='ltr'><strong>prosapia</strong></span> <span class='ocrx_word' id='word_1_136' title='bbox 823 1839 1075 1896; x_wconf 82' lang='lat' dir='ltr'><strong>oriundus,</strong></span> <span class='ocrx_word' id='word_1_137' title='bbox 1103 1840 1150 1885; x_wconf 86' lang='lat' dir='ltr'><strong>in</strong></span> <span class='ocrx_word' id='word_1_138' title='bbox 1173 1839 1353 1886; x_wconf 88' lang='lat' dir='ltr'><strong>obsessa</strong></span> <span class='ocrx_word' id='word_1_139' title='bbox 1377 1839 1563 1885; x_wconf 77' lang='lat' dir='ltr'><strong>civitate</strong></span> <span class='ocrx_word' id='word_1_140' title='bbox 1579 1850 1674 1886; x_wconf 86' lang='lat' dir='ltr'><strong>tres</strong></span> <span class='ocrx_word' id='word_1_141' title='bbox 1692 1850 1847 1886; x_wconf 89' lang='lat' dir='ltr'><strong>turres</strong></span> <span class='ocrx_word' id='word_1_142' title='bbox 1868 1839 2001 1886; x_wconf 83' lang='lat' dir='ltr'><strong>habe-</strong></span> 
     </span>
     <span class='ocr_line' id='line_1_21' title="bbox 584 1916 2004 1983; baseline -0.001 -18"><span class='ocrx_word' id='word_1_143' title='bbox 584 1919 689 1976; x_wconf 88' lang='lat' dir='ltr'><strong>bat;</strong></span> <span class='ocrx_word' id='word_1_144' title='bbox 722 1919 802 1983; x_wconf 85' lang='lat' dir='ltr'><strong>qui</strong></span> <span class='ocrx_word' id='word_1_145' title='bbox 826 1917 980 1965; x_wconf 84' lang='lat' dir='ltr'><strong>foedus</strong></span> <span class='ocrx_word' id='word_1_146' title='bbox 1009 1918 1227 1964; x_wconf 75' lang='lat' dir='ltr'><strong>amicitiae</strong></span> <span class='ocrx_word' id='word_1_147' title='bbox 1253 1933 1338 1980; x_wconf 89' lang='lat' dir='ltr'><strong>per</strong></span> <span class='ocrx_word' id='word_1_148' title='bbox 1364 1916 1521 1962; x_wconf 86' lang='lat' dir='ltr'><strong>fideles</strong></span> <span class='ocrx_word' id='word_1_149' title='bbox 1544 1917 1866 1963; x_wconf 86' lang='lat' dir='ltr'><strong>internuntios</strong></span> <span class='ocrx_word' id='word_1_150' title='bbox 1895 1935 2004 1964; x_wconf 91' lang='lat' dir='ltr'><strong>cum</strong></span> 
     </span>
     <span class='ocr_line' id='line_1_22' title="bbox 584 1994 2003 2060; baseline -0.001 -17"><span class='ocrx_word' id='word_1_151' title='bbox 584 1996 863 2044; x_wconf 84' lang='lat' dir='ltr'><strong>Buamundo</strong></span> <span class='ocrx_word' id='word_1_152' title='bbox 888 1995 1083 2053; x_wconf 81' lang='lat' dir='ltr'><strong>inierat3</strong></span> <span class='ocrx_word' id='word_1_153' title='bbox 1111 1995 1168 2041; x_wconf 90' lang='lat' dir='ltr'><strong>de</strong></span> <span class='ocrx_word' id='word_1_154' title='bbox 1192 2013 1287 2060; x_wconf 85' lang='lat' dir='ltr'><strong>quo</strong></span> <span class='ocrx_word' id='word_1_155' title='bbox 1316 1996 1437 2041; x_wconf 86' lang='lat' dir='ltr'><strong>fama</strong></span> <span class='ocrx_word' id='word_1_156' title='bbox 1460 1995 1622 2041; x_wconf 75' lang='lat' dir='ltr'><strong>volans</strong></span> <span class='ocrx_word' id='word_1_157' title='bbox 1645 1994 1702 2041; x_wconf 90' lang='lat' dir='ltr'><strong>ad</strong></span> <span class='ocrx_word' id='word_1_158' title='bbox 1725 2011 1833 2042; x_wconf 88' lang='lat' dir='ltr'><strong>eum</strong></span> <span class='ocrx_word' id='word_1_159' title='bbox 1854 1995 2003 2041; x_wconf 88' lang='lat' dir='ltr'><strong>multa</strong></span> 
     </span>
    </p>
   </div>
   <div class='ocr_carea' id='block_1_3' title="bbox 585 2151 2004 2916">
    <p class='ocr_par' dir='ltr' id='par_1_4' title="bbox 585 2151 2004 2557">
     <span class='ocr_line' id='line_1_23' title="bbox 631 2151 2002 2202; baseline -0.004 -11"><span class='ocrx_word' id='word_1_160' title='bbox 631 2158 680 2202; x_wconf 75' lang='grc' dir='ltr'><strong>(ι)</strong></span> <span class='ocrx_word' id='word_1_161' title='bbox 699 2156 814 2191; x_wconf 68' lang='lat' dir='ltr'><strong>Notre</strong></span> <span class='ocrx_word' id='word_1_162' title='bbox 832 2161 963 2189; x_wconf 82' lang='lat' dir='ltr'><strong>auteur</strong></span> <span class='ocrx_word' id='word_1_163' title='bbox 982 2167 1002 2188; x_wconf 84' lang='lat' dir='ltr'><strong>a</strong></span> <span class='ocrx_word' id='word_1_164' title='bbox 1021 2153 1166 2200; x_wconf 78' lang='lat' dir='ltr'><strong>neglige</strong></span> <span class='ocrx_word' id='word_1_165' title='bbox 1182 2153 1227 2187; x_wconf 86' lang='lat' dir='ltr'><strong>ici</strong></span> <span class='ocrx_word' id='word_1_166' title='bbox 1240 2181 1249 2194; x_wconf 80' lang='lat'>‚</span> <span class='ocrx_word' id='word_1_167' title='bbox 1270 2165 1354 2188; x_wconf 86' lang='lat' dir='ltr'><strong>avec</strong></span> <span class='ocrx_word' id='word_1_168' title='bbox 1370 2153 1403 2187; x_wconf 90' lang='lat' dir='ltr'><strong>la</strong></span> <span class='ocrx_word' id='word_1_169' title='bbox 1420 2152 1502 2200; x_wconf 85' lang='lat' dir='ltr'><strong>plus</strong></span> <span class='ocrx_word' id='word_1_170' title='bbox 1523 2152 1660 2199; x_wconf 82' lang='lat' dir='ltr'><strong>grande</strong></span> <span class='ocrx_word' id='word_1_171' title='bbox 1675 2152 1792 2199; x_wconf 83' lang='lat' dir='ltr'><strong>partie</strong></span> <span class='ocrx_word' id='word_1_172' title='bbox 1809 2151 1871 2186; x_wconf 87' lang='lat' dir='ltr'><strong>des</strong></span> <span class='ocrx_word' id='word_1_173' title='bbox 1886 2152 2002 2186; x_wconf 90' lang='lat' dir='ltr'><strong>histo-</strong></span> 
     </span>
     <span class='ocr_line' id='line_1_24' title="bbox 585 2210 2000 2258; baseline -0.004 -9"><span class='ocrx_word' id='word_1_174' title='bbox 585 2216 683 2250; x_wconf 85' lang='lat' dir='ltr'><strong>riens</strong></span> <span class='ocrx_word' id='word_1_175' title='bbox 705 2214 767 2248; x_wconf 87' lang='lat' dir='ltr'><strong>des</strong></span> <span class='ocrx_word' id='word_1_176' title='bbox 790 2212 990 2257; x_wconf 83' lang='lat' dir='ltr'><strong>croisades,</strong></span> <span class='ocrx_word' id='word_1_177' title='bbox 1014 2212 1059 2246; x_wconf 89' lang='lat' dir='ltr'><strong>de</strong></span> <span class='ocrx_word' id='word_1_178' title='bbox 1082 2211 1202 2258; x_wconf 85' lang='lat' dir='ltr'><strong>parler</strong></span> <span class='ocrx_word' id='word_1_179' title='bbox 1226 2211 1270 2246; x_wconf 87' lang='lat' dir='ltr'><strong>de</strong></span> <span class='ocrx_word' id='word_1_180' title='bbox 1295 2211 1328 2245; x_wconf 87' lang='lat' dir='ltr'><strong>la</strong></span> <span class='ocrx_word' id='word_1_181' title='bbox 1349 2211 1447 2246; x_wconf 75' lang='lat' dir='ltr'><strong>treve</strong></span> <span class='ocrx_word' id='word_1_182' title='bbox 1471 2210 1622 2245; x_wconf 86' lang='lat' dir='ltr'><strong>conclue</strong></span> <span class='ocrx_word' id='word_1_183' title='bbox 1645 2223 1728 2245; x_wconf 89' lang='lat' dir='ltr'><strong>avec</strong></span> <span class='ocrx_word' id='word_1_184' title='bbox 1750 2210 1800 2245; x_wconf 90' lang='lat' dir='ltr'><strong>les</strong></span> <span class='ocrx_word' id='word_1_185' title='bbox 1825 2210 2000 2257; x_wconf 86' lang='lat' dir='ltr'><strong>assieges,</strong></span> 
     </span>
     <span class='ocr_line' id='line_1_25' title="bbox 585 2269 2003 2322; baseline -0.004 -13"><span class='ocrx_word' id='word_1_186' title='bbox 585 2282 623 2309; x_wconf 86' lang='lat' dir='ltr'><strong>et</strong></span> <span class='ocrx_word' id='word_1_187' title='bbox 640 2275 704 2322; x_wconf 88' lang='lat' dir='ltr'><strong>qui</strong></span> <span class='ocrx_word' id='word_1_188' title='bbox 722 2273 778 2308; x_wconf 85' lang='lat' dir='ltr'><strong>sut</strong></span> <span class='ocrx_word' id='word_1_189' title='bbox 796 2284 950 2319; x_wconf 86' lang='lat' dir='ltr'><strong>rompue</strong></span> <span class='ocrx_word' id='word_1_190' title='bbox 968 2285 1034 2319; x_wconf 79' lang='lat' dir='ltr'><strong>par</strong></span> <span class='ocrx_word' id='word_1_191' title='bbox 1054 2271 1087 2306; x_wconf 82' lang='lat' dir='ltr'><strong>le</strong></span> <span class='ocrx_word' id='word_1_192' title='bbox 1104 2277 1268 2306; x_wconf 84' lang='lat' dir='ltr'><strong>meurtre</strong></span> <span class='ocrx_word' id='word_1_193' title='bbox 1286 2270 1331 2305; x_wconf 87' lang='lat' dir='ltr'><strong>de</strong></span> <span class='ocrx_word' id='word_1_194' title='bbox 1349 2269 1498 2306; x_wconf 80' lang='lat' dir='ltr'><strong>Walon.</strong></span> <span class='ocrx_word' id='word_1_195' title='bbox 1518 2271 1641 2317; x_wconf 80' lang='lat' dir='ltr'><strong>Voyez</strong></span> <span class='ocrx_word' id='word_1_196' title='bbox 1660 2270 1802 2305; x_wconf 86' lang='lat' dir='ltr'><strong>Robert</strong></span> <span class='ocrx_word' id='word_1_197' title='bbox 1818 2269 1863 2304; x_wconf 89' lang='lat' dir='ltr'><strong>de</strong></span> <span class='ocrx_word' id='word_1_198' title='bbox 1881 2270 2003 2305; x_wconf 84' lang='lat' dir='ltr'><strong>Saint-</strong></span> 
     </span>
     <span class='ocr_line' id='line_1_26' title="bbox 586 2330 2004 2378; baseline -0.004 -9"><span class='ocrx_word' id='word_1_199' title='bbox 586 2334 713 2376; x_wconf 84' lang='lat' dir='ltr'><strong>Remi‚</strong></span> <span class='ocrx_word' id='word_1_200' title='bbox 739 2333 764 2367; x_wconf 92' lang='grc'><strong>1.</strong></span> <span class='ocrx_word' id='word_1_201' title='bbox 790 2345 825 2365; x_wconf 92' lang='lat' dir='ltr'><strong>v.</strong></span> <span class='ocrx_word' id='word_1_202' title='bbox 851 2333 920 2368; x_wconf 84' lang='lat' dir='ltr'><strong>Cet</strong></span> <span class='ocrx_word' id='word_1_203' title='bbox 943 2334 1158 2366; x_wconf 83' lang='lat' dir='ltr'><strong>evenement</strong></span> <span class='ocrx_word' id='word_1_204' title='bbox 1183 2337 1236 2365; x_wconf 88' lang='lat' dir='ltr'><strong>est</strong></span> <span class='ocrx_word' id='word_1_205' title='bbox 1264 2337 1441 2378; x_wconf 85' lang='lat' dir='ltr'><strong>pourtant</strong></span> <span class='ocrx_word' id='word_1_206' title='bbox 1463 2330 1538 2365; x_wconf 91' lang='lat' dir='ltr'><strong>l’un</strong></span> <span class='ocrx_word' id='word_1_207' title='bbox 1564 2331 1627 2365; x_wconf 89' lang='lat' dir='ltr'><strong>des</strong></span> <span class='ocrx_word' id='word_1_208' title='bbox 1654 2330 1820 2377; x_wconf 86' lang='lat' dir='ltr'><strong>episodes</strong></span> <span class='ocrx_word' id='word_1_209' title='bbox 1845 2330 1895 2364; x_wconf 90' lang='lat' dir='ltr'><strong>les</strong></span> <span class='ocrx_word' id='word_1_210' title='bbox 1922 2330 2004 2377; x_wconf 83' lang='lat' dir='ltr'><strong>plus</strong></span> 
     </span>
     <span class='ocr_line' id='line_1_27' title="bbox 586 2389 2003 2439; baseline -0.004 -10"><span class='ocrx_word' id='word_1_211' title='bbox 586 2394 783 2429; x_wconf 86' lang='lat' dir='ltr'><strong>touchants</strong></span> <span class='ocrx_word' id='word_1_212' title='bbox 803 2393 854 2427; x_wconf 85' lang='lat' dir='ltr'><strong>du</strong></span> <span class='ocrx_word' id='word_1_213' title='bbox 876 2393 974 2439; x_wconf 80' lang='lat' dir='ltr'><strong>siege</strong></span> <span class='ocrx_word' id='word_1_214' title='bbox 992 2392 1225 2427; x_wconf 84' lang='lat' dir='ltr'><strong>d’Antioche.</strong></span> <span class='ocrx_word' id='word_1_215' title='bbox 1246 2391 1398 2427; x_wconf 83' lang='lat' dir='ltr'><strong>Suivant</strong></span> <span class='ocrx_word' id='word_1_216' title='bbox 1416 2391 1448 2426; x_wconf 90' lang='lat' dir='ltr'><strong>la</strong></span> <span class='ocrx_word' id='word_1_217' title='bbox 1466 2391 1619 2425; x_wconf 89' lang='lat' dir='ltr'><strong>relation</strong></span> <span class='ocrx_word' id='word_1_218' title='bbox 1640 2403 1684 2425; x_wconf 86' lang='lat' dir='ltr'><strong>en</strong></span> <span class='ocrx_word' id='word_1_219' title='bbox 1705 2402 1783 2425; x_wconf 81' lang='lat' dir='ltr'><strong>vers</strong></span> <span class='ocrx_word' id='word_1_220' title='bbox 1804 2390 1850 2425; x_wconf 90' lang='lat' dir='ltr'><strong>de</strong></span> <span class='ocrx_word' id='word_1_221' title='bbox 1868 2389 2003 2434; x_wconf 82' lang='lat' dir='ltr'><strong>Gilon‚</strong></span> 
     </span>
     <span class='ocr_line' id='line_1_28' title="bbox 585 2449 2004 2499; baseline -0.003 -12"><span class='ocrx_word' id='word_1_222' title='bbox 585 2454 618 2488; x_wconf 89' lang='lat' dir='ltr'><strong>la</strong></span> <span class='ocrx_word' id='word_1_223' title='bbox 647 2453 781 2487; x_wconf 86' lang='lat' dir='ltr'><strong>femme</strong></span> <span class='ocrx_word' id='word_1_224' title='bbox 809 2451 854 2486; x_wconf 87' lang='lat' dir='ltr'><strong>de</strong></span> <span class='ocrx_word' id='word_1_225' title='bbox 885 2464 924 2486; x_wconf 89' lang='lat' dir='ltr'><strong>ce</strong></span> <span class='ocrx_word' id='word_1_226' title='bbox 952 2452 1119 2499; x_wconf 80' lang='lat' dir='ltr'><strong>guerrier</strong></span> <span class='ocrx_word' id='word_1_227' title='bbox 1143 2451 1262 2486; x_wconf 80' lang='lat' dir='ltr'><strong>aurait</strong></span> <span class='ocrx_word' id='word_1_228' title='bbox 1285 2453 1342 2486; x_wconf 86' lang='lat' dir='ltr'><strong>ete</strong></span> <span class='ocrx_word' id='word_1_229' title='bbox 1367 2463 1439 2486; x_wconf 91' lang='lat' dir='ltr'><strong>une</strong></span> <span class='ocrx_word' id='word_1_230' title='bbox 1466 2450 1539 2485; x_wconf 85' lang='lat' dir='ltr'><strong>fille</strong></span> <span class='ocrx_word' id='word_1_231' title='bbox 1566 2451 1611 2486; x_wconf 87' lang='lat' dir='ltr'><strong>de</strong></span> <span class='ocrx_word' id='word_1_232' title='bbox 1638 2449 2004 2497; x_wconf 79' lang='lat' dir='ltr'><strong>Hugue-le—Graud,</strong></span> 
     </span>
     <span class='ocr_line' id='line_1_29' title="bbox 586 2509 1844 2557; baseline -0.002 -11"><span class='ocrx_word' id='word_1_233' title='bbox 586 2513 756 2547; x_wconf 82' lang='lat' dir='ltr'><strong>nommee</strong></span> <span class='ocrx_word' id='word_1_234' title='bbox 777 2511 1008 2557; x_wconf 73' lang='lat' dir='ltr'><strong>Ilumberge,</strong></span> <span class='ocrx_word' id='word_1_235' title='bbox 1033 2511 1123 2545; x_wconf 92' lang='lat' dir='ltr'><strong>dont</strong></span> <span class='ocrx_word' id='word_1_236' title='bbox 1140 2510 1190 2545; x_wconf 87' lang='lat' dir='ltr'><strong>les</strong></span> <span class='ocrx_word' id='word_1_237' title='bbox 1210 2510 1472 2557; x_wconf 76' lang='lat' dir='ltr'><strong>genealogistes</strong></span> <span class='ocrx_word' id='word_1_238' title='bbox 1491 2510 1593 2544; x_wconf 85' lang='lat' dir='ltr'><strong>n’ont</strong></span> <span class='ocrx_word' id='word_1_239' title='bbox 1610 2511 1715 2556; x_wconf 88' lang='lat' dir='ltr'><strong>point</strong></span> <span class='ocrx_word' id='word_1_240' title='bbox 1732 2509 1844 2556; x_wconf 84' lang='lat' dir='ltr'><strong>parle.</strong></span> 
     </span>
    </p>

    <p class='ocr_par' dir='ltr' id='par_1_5' title="bbox 586 2568 2004 2916">
     <span class='ocr_line' id='line_1_30' title="bbox 632 2568 2004 2617; baseline -0.002 -12"><span class='ocrx_word' id='word_1_241' title='bbox 632 2573 682 2617; x_wconf 86' lang='lat'><strong>(2)</strong></span> <span class='ocrx_word' id='word_1_242' title='bbox 700 2572 798 2604; x_wconf 83' lang='lat' dir='ltr'><strong>Lisez</strong></span> <span class='ocrx_word' id='word_1_243' title='bbox 818 2571 989 2604; x_wconf 60' lang='lat' dir='ltr'><strong>Phil-oza.</strong></span> <span class='ocrx_word' id='word_1_244' title='bbox 1011 2571 1133 2616; x_wconf 64' lang='lat' dir='ltr'><strong>Yoyez</strong></span> <span class='ocrx_word' id='word_1_245' title='bbox 1152 2570 1242 2604; x_wconf 88' lang='lat' dir='ltr'><strong>dans</strong></span> <span class='ocrx_word' id='word_1_246' title='bbox 1260 2569 1378 2603; x_wconf 85' lang='lat' dir='ltr'><strong>Raoul</strong></span> <span class='ocrx_word' id='word_1_247' title='bbox 1396 2569 1440 2604; x_wconf 86' lang='lat' dir='ltr'><strong>de</strong></span> <span class='ocrx_word' id='word_1_248' title='bbox 1457 2569 1555 2603; x_wconf 89' lang='lat' dir='ltr'><strong>Caen</strong></span> <span class='ocrx_word' id='word_1_249' title='bbox 1571 2569 1621 2602; x_wconf 89' lang='lat' dir='ltr'><strong>les</strong></span> <span class='ocrx_word' id='word_1_250' title='bbox 1640 2568 1763 2603; x_wconf 83' lang='lat' dir='ltr'><strong>motiss</strong></span> <span class='ocrx_word' id='word_1_251' title='bbox 1781 2579 1853 2615; x_wconf 91' lang='lat' dir='ltr'><strong>que</strong></span> <span class='ocrx_word' id='word_1_252' title='bbox 1871 2575 1927 2602; x_wconf 87' lang='lat' dir='ltr'><strong>cet</strong></span> <span class='ocrx_word' id='word_1_253' title='bbox 1943 2580 2004 2602; x_wconf 87' lang='lat' dir='ltr'><strong>au-</strong></span> 
     </span>
     <span class='ocr_line' id='line_1_31' title="bbox 586 2626 2004 2677; baseline -0.003 -13"><span class='ocrx_word' id='word_1_254' title='bbox 586 2639 668 2665; x_wconf 86' lang='lat' dir='ltr'><strong>teur</strong></span> <span class='ocrx_word' id='word_1_255' title='bbox 687 2630 826 2677; x_wconf 71' lang='lat' dir='ltr'><strong>alle-gne</strong></span> <span class='ocrx_word' id='word_1_256' title='bbox 846 2629 890 2664; x_wconf 88' lang='lat' dir='ltr'><strong>de</strong></span> <span class='ocrx_word' id='word_1_257' title='bbox 908 2642 945 2664; x_wconf 82' lang='lat' dir='ltr'><strong>sa</strong></span> <span class='ocrx_word' id='word_1_258' title='bbox 964 2630 1177 2665; x_wconf 79' lang='lat' dir='ltr'><strong>resolution.</strong></span> <span class='ocrx_word' id='word_1_259' title='bbox 1194 2629 1484 2672; x_wconf 80' lang='lat' dir='ltr'><strong>Kemal-Eddin,</strong></span> <span class='ocrx_word' id='word_1_260' title='bbox 1505 2629 1686 2663; x_wconf 83' lang='lat' dir='ltr'><strong>historien</strong></span> <span class='ocrx_word' id='word_1_261' title='bbox 1699 2628 1846 2675; x_wconf 75' lang='lat' dir='ltr'><strong>d’Alep‚</strong></span> <span class='ocrx_word' id='word_1_262' title='bbox 1864 2626 2004 2674; x_wconf 86' lang='lat' dir='ltr'><strong>appelle</strong></span> 
     </span>
     <span class='ocr_line' id='line_1_32' title="bbox 586 2688 2003 2734; baseline -0.003 -10"><span class='ocrx_word' id='word_1_263' title='bbox 586 2691 747 2725; x_wconf 85' lang='lat' dir='ltr'><strong>Phirouz</strong></span> <span class='ocrx_word' id='word_1_264' title='bbox 767 2689 928 2733; x_wconf 73' lang='lat' dir='ltr'><strong>Zcrmd,</strong></span> <span class='ocrx_word' id='word_1_265' title='bbox 949 2702 996 2724; x_wconf 89' lang='lat' dir='ltr'><strong>ou</strong></span> <span class='ocrx_word' id='word_1_266' title='bbox 1011 2690 1045 2724; x_wconf 88' lang='lat' dir='ltr'><strong>le</strong></span> <span class='ocrx_word' id='word_1_267' title='bbox 1062 2690 1242 2724; x_wconf 83' lang='lat' dir='ltr'><strong>fabricant</strong></span> <span class='ocrx_word' id='word_1_268' title='bbox 1259 2689 1304 2724; x_wconf 88' lang='lat' dir='ltr'><strong>de</strong></span> <span class='ocrx_word' id='word_1_269' title='bbox 1320 2690 1506 2723; x_wconf 77' lang='lat' dir='ltr'><strong>cuirasses.</strong></span> <span class='ocrx_word' id='word_1_270' title='bbox 1526 2689 1626 2722; x_wconf 74' lang='lat' dir='ltr'><strong>Nous</strong></span> <span class='ocrx_word' id='word_1_271' title='bbox 1644 2701 1690 2723; x_wconf 90' lang='lat' dir='ltr'><strong>ne</strong></span> <span class='ocrx_word' id='word_1_272' title='bbox 1705 2699 1831 2722; x_wconf 84' lang='lat' dir='ltr'><strong>savons</strong></span> <span class='ocrx_word' id='word_1_273' title='bbox 1848 2699 1889 2722; x_wconf 89' lang='lat' dir='ltr'><strong>ce</strong></span> <span class='ocrx_word' id='word_1_274' title='bbox 1904 2688 1967 2734; x_wconf 90' lang='lat' dir='ltr'><strong>qui</strong></span> <span class='ocrx_word' id='word_1_275' title='bbox 1984 2699 2003 2720; x_wconf 90' lang='lat' dir='ltr'><strong>a</strong></span> 
     </span>
     <span class='ocr_line' id='line_1_33' title="bbox 586 2748 2002 2797; baseline -0.002 -13"><span class='ocrx_word' id='word_1_276' title='bbox 586 2763 636 2797; x_wconf 84' lang='lat' dir='ltr'><strong>pu</strong></span> <span class='ocrx_word' id='word_1_277' title='bbox 652 2762 812 2797; x_wconf 77' lang='lat' dir='ltr'><strong>engager</strong></span> <span class='ocrx_word' id='word_1_278' title='bbox 830 2756 935 2784; x_wconf 82' lang='lat' dir='ltr'><strong>notre</strong></span> <span class='ocrx_word' id='word_1_279' title='bbox 950 2757 1080 2784; x_wconf 82' lang='lat' dir='ltr'><strong>auteur</strong></span> <span class='ocrx_word' id='word_1_280' title='bbox 1098 2752 1118 2784; x_wconf 71' lang='lat' dir='ltr'><strong>a</strong></span> <span class='ocrx_word' id='word_1_281' title='bbox 1134 2750 1276 2796; x_wconf 81' lang='lat' dir='ltr'><strong>ajouter</strong></span> <span class='ocrx_word' id='word_1_282' title='bbox 1287 2762 1332 2783; x_wconf 86' lang='lat' dir='ltr'><strong>au</strong></span> <span class='ocrx_word' id='word_1_283' title='bbox 1349 2762 1436 2783; x_wconf 86' lang='lat' dir='ltr'><strong>nom</strong></span> <span class='ocrx_word' id='word_1_284' title='bbox 1451 2749 1495 2783; x_wconf 86' lang='lat' dir='ltr'><strong>de</strong></span> <span class='ocrx_word' id='word_1_285' title='bbox 1510 2761 1548 2783; x_wconf 87' lang='lat' dir='ltr'><strong>ce</strong></span> <span class='ocrx_word' id='word_1_286' title='bbox 1562 2761 1789 2795; x_wconf 80' lang='lat' dir='ltr'><strong>personnage</strong></span> <span class='ocrx_word' id='word_1_287' title='bbox 1802 2748 1835 2782; x_wconf 89' lang='grc'><strong>16</strong></span> <span class='ocrx_word' id='word_1_288' title='bbox 1853 2758 2002 2781; x_wconf 85' lang='lat' dir='ltr'><strong>surnom</strong></span> 
     </span>
     <span class='ocr_line' id='line_1_34' title="bbox 587 2809 2001 2857; baseline -0.003 -12"><span class='ocrx_word' id='word_1_289' title='bbox 587 2812 660 2845; x_wconf 72' lang='lat' dir='ltr'><strong>tres</strong></span> <span class='ocrx_word' id='word_1_290' title='bbox 681 2823 753 2856; x_wconf 83' lang='lat' dir='ltr'><strong>peu</strong></span> <span class='ocrx_word' id='word_1_291' title='bbox 770 2809 926 2845; x_wconf 87' lang='lat' dir='ltr'><strong>oriental</strong></span> <span class='ocrx_word' id='word_1_292' title='bbox 946 2810 990 2844; x_wconf 68' lang='lat' dir='ltr'><strong>de</strong></span> <span class='ocrx_word' id='word_1_293' title='bbox 1009 2811 1151 2845; x_wconf 83' lang='lat' dir='ltr'><strong>Datien.</strong></span> <span class='ocrx_word' id='word_1_294' title='bbox 1169 2811 1275 2846; x_wconf 84' lang='lat' dir='ltr'><strong>Cette</strong></span> <span class='ocrx_word' id='word_1_295' title='bbox 1288 2810 1500 2845; x_wconf 83' lang='lat' dir='ltr'><strong>innovation</strong></span> <span class='ocrx_word' id='word_1_296' title='bbox 1512 2838 1520 2850; x_wconf 85' lang='lat'><strong>‚</strong></span> <span class='ocrx_word' id='word_1_297' title='bbox 1540 2811 1602 2857; x_wconf 86' lang='lat' dir='ltr'><strong>qui</strong></span> <span class='ocrx_word' id='word_1_298' title='bbox 1618 2810 1709 2843; x_wconf 79' lang='lat' dir='ltr'><strong>n&#39;est</strong></span> <span class='ocrx_word' id='word_1_299' title='bbox 1725 2820 1787 2855; x_wconf 84' lang='lat' dir='ltr'><strong>pas</strong></span> <span class='ocrx_word' id='word_1_300' title='bbox 1801 2809 2001 2846; x_wconf 79' lang='lat' dir='ltr'><strong>heureuse,</strong></span> 
     </span>
     <span class='ocr_line' id='line_1_35' title="bbox 588 2870 1275 2916; baseline -0.003 -13"><span class='ocrx_word' id='word_1_301' title='bbox 588 2870 748 2914; x_wconf 74' lang='lat' dir='ltr'><strong>provicnt</strong></span> <span class='ocrx_word' id='word_1_302' title='bbox 773 2870 1014 2916; x_wconf 78' lang='lat' dir='ltr'><strong>uniqucment</strong></span> <span class='ocrx_word' id='word_1_303' title='bbox 1036 2870 1079 2902; x_wconf 70' lang='lat' dir='ltr'><strong>&#39;lc</strong></span> <span class='ocrx_word' id='word_1_304' title='bbox 1099 2883 1161 2903; x_wconf 68' lang='lat' dir='ltr'><strong>son</strong></span> <span class='ocrx_word' id='word_1_305' title='bbox 1183 2870 1275 2903; x_wconf 60' lang='lat' dir='ltr'>«hos.</span> 
     </span>
    </p>
   </div>
  </div>
 </body>
</html>
