2085 3455
525 233 602 272 584
878 234 1119 273 HISTORIA
1150 235 1556 277 ECCLESIASTICA.
1591 242 1787 289 [smmum
1813 245 1933 294 1099]

519 320 783 384 Praeposuit
800 321 929 367 enim
948 340 1132 368 causam
1149 324 1232 370 Dei
1248 342 1342 371 suae
1362 326 1614 384 voluntati,
1632 329 1704 375 vel
1720 329 1929 375 utilitati.

521 398 715 445 Summa
749 397 941 463 quidem
964 401 1114 449 virtus
1137 412 1204 448 est
1237 403 1285 448 in
1320 404 1639 468 principibuS‚
1668 406 1705 451 si
1729 405 1816 452 sibi
1846 407 1930 469 ipsi

519 475 844 523 dominentur.
871 478 926 524 In
951 477 1149 525 ducibus
1172 480 1300 526 enim
1337 481 1483 527 nimia
1510 481 1790 541 obstinatio,
1816 482 1932 529 sub—

518 554 732 601 ditorum
775 555 991 602 omnium
1035 567 1104 602 est
1139 557 1443 621 periclitatio.
1489 559 1745 623 Imperavit
1789 560 1933 624 igitur

518 648 674 679 comes
699 631 787 679 sibi
811 633 921 696 ipsi,
950 650 1009 680 ne
1033 635 1165 680 omni
1192 646 1386 682 noceret
1409 635 1768 683 Christianitati.
1792 639 1932 684 Man-

517 708 647 755 davit
672 720 829 756 autem
854 709 1126 757 hominibus
1157 712 1248 758 suis
1281 724 1333 759 ut
1365 713 1590 776 palatium
1613 713 1813 762 Cassiani
1844 733 1932 761 cu—

516 787 642 833 riose
666 787 913 832 munirent
944 787 1032 850 (1).
1073 788 1238 834 Exivit
1272 790 1431 836 Marra
1465 791 1565 837 idus
1593 792 1798 856 januarii
1831 793 1928 856 (2),

516 864 653 911 nudis
676 863 897 927 pedibus,
925 875 972 910 et
995 866 1259 929 peregrinis
1278 867 1362 913 Dei
1389 870 1653 933 coagulavit
1679 887 1725 916 se
1744 881 1934 934 sponta-

515 958 648 988 neus.
671 942 772 988 Hoc
794 942 983 1006 signum
1001 954 1227 1007 susceptae
1245 946 1642 1009 peregrinationis
1662 947 1935 994 humiliatus

515 1036 671 1066 comes
699 1018 924 1066 ostendit.
964 1019 1167 1067 Grandis
1192 1022 1347 1087 itaque
1380 1023 1427 1069 in
1460 1024 1638 1087 populo
1660 1024 1745 1071 Dei
1770 1025 1931 1071 laetitia

513 1097 631 1143 sacta
668 1108 760 1155 est,
788 1107 834 1143 et
860 1096 957 1143 dux
990 1097 1300 1147 Normanniae
1323 1101 1732 1165 proficiscentibus
1760 1103 1850 1149 illis
1876 1103 1933 1149 ad.

516 1175 755 1222 civitatem
779 1175 1076 1240 Caphardam
1098 1178 1168 1242 (5)
1192 1177 1439 1244 adjunctus
1463 1191 1547 1227 est.
1576 1181 1647 1226 Ibi
1675 1192 1769 1227 tres
1793 1182 1932 1246 quie-

513 1265 688 1301 verunt
705 1253 802 1301 dies
817 1291 829 1311 ‚
847 1265 894 1301 et
914 1272 998 1302 rex
1021 1255 1246 1303 Caesareae
1269 1259 1337 1320 (4)
1351 1275 1516 1322 pacem
1535 1277 1643 1305 cum
1663 1258 1933 1307 consulibus

511 1332 638 1380 fecit.
662 1332 941 1381 Multotiens
962 1333 1091 1380 enim
1116 1333 1292 1397 legatos
1315 1352 1421 1383 suos
1449 1346 1585 1382 antea
1620 1336 1831 1383 Marram
1852 1335 1931 1382 di—

558 1528 609 1572 (1)
633 1528 701 1562 Cet
722 1527 832 1562 ordre
860 1539 997 1573 prouve
1017 1540 1088 1575 que
1110 1529 1144 1563 le
1166 1530 1331 1575 repentir
1350 1529 1399 1563 du
1419 1537 1539 1564 comte
1561 1530 1688 1565 n’etait
1711 1531 1790 1564 rien
1813 1531 1931 1564 moins

511 1599 584 1634 que
602 1586 774 1634 complet.
796 1588 847 1622 Ce
863 1599 908 1621 ne
926 1587 983 1621 fut
998 1599 1061 1634 pas
1079 1587 1281 1622 seulement
1298 1588 1331 1622 le
1350 1588 1462 1634 palais
1480 1588 1526 1622 de
1543 1588 1674 1632 l’emir‚
1694 1590 1784 1623 mais
1799 1601 1931 1624 encore

511 1646 544 1681 la
561 1648 735 1694 mosquee
750 1646 992 1681 transformee
1008 1660 1052 1681 en
1072 1647 1225 1681 chaiteau
1243 1660 1289 1681 au
1303 1647 1394 1682 bout
1410 1647 1460 1681 du
1478 1655 1566 1694 pont
1582 1648 1817 1691 d’Antioche‚
1840 1648 1930 1695 qu'il

510 1707 769 1743 recommanda
793 1709 811 1741 a
834 1707 867 1741 la
889 1707 1066 1753 vigilance
1090 1708 1135 1741 de
1159 1720 1213 1741 ses
1234 1708 1401 1742 hommes
1422 1708 1589 1743 d'armes.
1618 1708 1803 1743 Boemond
1831 1709 1930 1743 saisit

510 1767 543 1802 le
568 1773 733 1802 moment
757 1766 803 1801 de
826 1766 1005 1801 l'absence
1030 1766 1075 1800 (le
1098 1766 1280 1801 Godesroi
1305 1779 1399 1813 pour
1425 1766 1621 1814 s'emparer
1645 1767 1690 1802 de
1717 1780 1757 1802 ce
1782 1767 1930 1802 dernier

508 1828 601 1869 sort3
628 1833 665 1860 et
689 1832 804 1873 quant
832 1838 878 1859 au
904 1826 1077 1872 premier,
1109 1826 1322 1873 Taum-tede,
1347 1827 1437 1861 dans
1465 1839 1516 1861 un
1542 1834 1707 1862 moment
1735 1827 1930 1862 d'humeur

509 1893 637 1920 contre
654 1885 688 1920 le
707 1892 844 1927 comte,
867 1885 945 1919 vint
966 1891 1046 1920 tout
1065 1886 1193 1932 expres
1214 1885 1260 1920 de
1280 1886 1428 1920 Marrah
1448 1898 1543 1932 pour
1563 1886 1637 1920 s⁷en
1656 1898 1823 1933 emparer
1840 1894 1877 1921 et
1897 1886 1930 1921 le

509 1951 684 1980 remettre
702 1946 720 1979 ἐι
740 1944 944 1979 Boemond.
966 1944 1090 1991 Voyez
1112 1944 1231 1980 Raoul
1250 1944 1295 1979 de
1314 1946 1413 1980 Caen
1433 1946 1595 1990 (xcvxn).

557 2005 608 2049 (2)
628 2005 676 2039 Le
700 2003 895 2050 15janvier
918 2016 1020 2051 1099.

552 2064 604 2111 (3)
631 2065 783 2100 Suivant
810 2065 937 2099 l’exact
965 2063 1153 2098 Raimond
1181 2064 1366 2111 d’Agiles,
1396 2077 1436 2099 ce
1464 2064 1559 2107 lieu,
1586 2065 1649 2112 qui
1674 2065 1824 2100 n'existe
1846 2065 1928 2112 plus

506 2124 763 2171 aujourd⁷hui,
794 2125 886 2159 ainsi
910 2123 1000 2171 qu'il
1024 2123 1159 2158 re'sulte
1183 2123 1246 2158 des
1269 2124 1545 2171 investigations
1569 2124 1614 2158 de
1638 2125 1688 2159 M.
1711 2125 1925 2171 Poujoulat‚

507 2185 664 2220 n’aurait
681 2185 739 2219 ete
757 2184 840 2231 qu’a
858 2190 989 2232 quatre
1004 2183 1118 2218 lieues
1137 2183 1182 2233 de
1200 2184 1369 2226 Marrah,
1394 2184 1673 2231 probablement
1689 2185 1779 2219 dans
1797 2185 1831 2220 le
1848 2187 1927 2221 voi-

506 2246 631 2292 sinage
649 2244 695 2279 de
711 2244 895 2280 l'Oronte.
920 2244 950 2278 ll
969 2256 1014 2278 en
1032 2251 1088 2278 est
1106 2244 1172 2279 fait
1190 2245 1357 2279 mention
1376 2245 1466 2279 dans
1486 2245 1673 2280 l’Histoire
1696 2246 1759 2281 des
1779 2258 1929 2293 guerres

505 2304 747 2347 d‘Antioche‚
772 2316 837 2350 par
858 2303 1016 2338 Gautier
1035 2303 1068 2338 le
1086 2303 1318 2339 Chaneelier.
1342 2304 1392 2339 M.
1411 2304 1609 2349 Poujoulat
1627 2304 1798 2352 indique,
1823 2312 1927 2340 entre

454 2391 457 2393 >
506 2365 696 2412 Lattaquie
711 2371 748 2399 et
768 2364 879 2410 Alep,
899 2376 950 2398 un
968 2363 1278 2411 corps-de-garde
1297 2363 1342 2399 de
1359 2364 1473 2399 Gafar
1491 2364 1583 2400 dont
1601 2365 1633 2400 le
1652 2377 1737 2400 nom
1757 2367 1926 2411 presente

504 2423 663 2472 quelque
680 2422 846 2469 analogie
868 2435 952 2458 avec
976 2423 1148 2467 celui-ci,
1178 2424 1269 2458 mais
1293 2426 1312 2458 ἐι
1336 2436 1409 2458 une
1433 2424 1595 2459 distance
1619 2424 1665 2460 de
1686 2424 1835 2459 Mam-ah
1860 2426 1923 2472 qui

503 2495 549 2517 ne
567 2494 660 2517 nous
683 2481 802 2528 parait
821 2493 883 2528 pas
902 2489 1104 2527 permettre
1122 2482 1183 2528 d’y
1200 2482 1323 2529 placer
1340 2482 1545 2529 Capharda.

547 2543 598 2588 (4)
622 2543 673 2577 Ce
697 2555 743 2577 ne
765 2548 854 2588 peut
875 2542 953 2577 etre
975 2543 1127 2578 Cesaree
1145 2543 1190 2577 de
1209 2543 1409 2584 palestine,
1431 2543 1546 2578 situee
1563 2549 1668 2577 entre
1688 2542 1923 2577 Saint-Jean-

502 2601 634 2636 d’Acre
663 2607 701 2635 et
728 2599 839 2642 Jaffa‚
870 2601 960 2635 mais
987 2613 1059 2635 une
1089 2608 1193 2635 autre
1221 2601 1306 2635 ville
1339 2601 1389 2635 du
1421 2601 1540 2635 memc
1567 2612 1651 2634 nom
1685 2602 1749 2647 qui
1779 2602 1922 2636 existait

502 2673 564 2706 sur
587 2660 639 2695 les
668 2660 779 2696 bords
804 2660 849 2694 de
875 2660 1063 2704 l'Oronte‚
1084 2668 1189 2696 entre
1217 2663 1379 2707 Apamee
1407 2668 1444 2696 et
1473 2652 1629 2695 Emessc.
1662 2662 1784 2706 Vovcz
1810 2662 1919 2696 Guih

501 2721 619 2755 laume
640 2721 684 2756 de
704 2722 793 2766 Tyr,
813 2721 876 2767 qui
897 2720 1063 2767 Pappellc
1081 2722 1199 2757 tantist
1225 2723 1395 2758 Coesarea
1414 2728 1450 2756 et
1469 2720 1585 2757 [antiit
1609 2722 1792 2756 Cau-arem
