2033 3445
68 281 208 330 [1096]
592 277 745 316 LIBER
756 281 762 283 ⁴
775 276 953 315 NONUS.
1396 280 1474 320 489

66 366 200 414 hioso
237 369 324 429 (1).
363 365 422 410 Hi
460 381 623 412 omnes
649 382 755 410 eum
789 362 1040 410 clientibus
1075 365 1167 410 suis
1199 365 1476 413 Buamundo

65 443 354 490 unanimiter
369 441 685 498 adhaeserunt,
703 443 838 505 eique
857 458 902 487 se
921 441 968 487 in
985 442 1058 487 via
1075 443 1159 488 Dei
1178 442 1474 490 devotissime

64 520 339 570 obedituros
365 518 755 582 inseparabiliter,
776 520 1074 582 juraverunt.

127 598 265 661 Hugo
283 596 482 659 Magnus
497 631 510 652 ,
531 605 577 640 et
595 594 890 652 Guillelmus,
910 593 1130 641 Marehisi
1153 594 1276 640 filius
1302 597 1389 659 (2),
1415 597 1472 642 ad

64 683 260 737 portum
282 672 390 718 Bari
415 671 604 735 pelagus
622 687 928 735 praepropere
953 671 1147 735 ingressi
1167 682 1298 729 sunt,
1323 683 1369 718 et
1390 690 1472 718 na-

65 753 294 817 vigantes,
315 750 604 798 Durachium
623 751 694 813 (3)
717 750 1066 814 applicuerunt.
1084 751 1189 796 Dux
1210 761 1366 797 autem
1391 767 1478 795 ur-

65 829 138 876 bis
160 830 256 891 (4),
282 845 478 892 magnos
501 827 704 874 barones
727 839 880 885 ratus,
900 828 1036 892 jussit
1060 845 1137 875 eos
1157 827 1473 892 apprehendi,

66 918 114 954 et
137 905 222 952 sub
245 905 495 953 excubanti
523 905 729 952 custodia
752 905 1218 970 Constantinopolim
1242 905 1299 952 ad
1323 906 1477 969 impe-

65 994 277 1030 ratorem
295 982 494 1030 solerter
516 981 699 1029 deduci.
727 982 1030 1029 Adulatorius
1055 983 1210 1047 itaque
1241 981 1335 1028 dux
1359 999 1474 1045 per—

65 1061 160 1108 fido
179 1077 226 1107 se
241 1060 431 1108 volebat
453 1059 680 1125 obsequio
699 1060 868 1106 Caesari
893 1059 1248 1117 commendare,
1269 1070 1316 1105 et
1337 1059 1478 1106 devo-

63 1137 245 1184 tionem
262 1154 391 1182 suam
408 1153 517 1200 erga
534 1137 686 1200 ipsum
706 1136 888 1182 indiciis
907 1135 1168 1200 hujusmodi
1190 1134 1472 1198 approbare.

129 1213 189 1259 V.
217 1213 546 1271 Solimannus,
573 1214 841 1259 Ture-orum
864 1212 960 1258 dux
985 1213 1081 1276 (5),
1106 1222 1159 1257 ut
1182 1210 1475 1257 Christianos

65 1307 206 1353 super
230 1289 443 1336 ethnicos
465 1290 644 1336 venisse
670 1290 915 1353 cognovit,
946 1290 1187 1353 ingentem
1217 1288 1476 1334 exercitum

65 1367 362 1431 aggregavit,
390 1377 435 1413 et
460 1366 703 1413 castellum
729 1366 1093 1430 Exerogorgan,
1115 1365 1197 1411 ubi
1222 1365 1474 1411 Alemanni

67 1455 230 1501 erant,
251 1443 451 1491 obsedit.
479 1444 623 1489 Turei
649 1444 877 1506 oppidum
899 1443 1255 1490 circumvallare
1279 1443 1474 1489 festina—

67 1530 257 1577 verunt,
280 1531 326 1566 et
345 1518 645 1576 Rainaldum,
669 1537 775 1565 cum
793 1520 884 1564 suis
903 1536 1156 1583 egressum,
1180 1529 1233 1564 ut
1250 1518 1478 1564 venienti-

68 1595 156 1642 bus
178 1595 270 1641 illis
295 1594 483 1641 insidias
507 1593 850 1658 praetenderet,
876 1594 1138 1658 praeliando
1174 1595 1474 1658 fugaverunt.

119 1770 168 1817 (1)
188 1771 340 1806 Suivant
355 1769 389 1804 la
407 1770 623 1817 Chronique
638 1770 687 1804 du
701 1770 972 1811 mont-cassin,
989 1769 1014 1803 il
1031 1769 1109 1803 saut
1122 1768 1188 1804 lire
1206 1781 1212 1800 :
1231 1768 1416 1816 ,soffridus
1431 1768 1477 1803 cle

70 1832 200 1867 Monte
221 1830 384 1865 Scm'oso.
403 1830 515 1864 Illons
535 1830 716 1871 Scaiosus,
738 1829 943 1871 Scaln'osus,
969 1829 1150 1862 Caveosus
1160 1845 1170 1868 ;
1189 1828 1326 1862 Civitas
1347 1828 1477 1871 Vetus,

76 1891 212 1925 Civitas
229 1891 448 1932 Severiana,
465 1895 519 1923 est
532 1888 767 1934 aujourd’lxui
786 1887 1134 1933 Monte-Scaglioso,
1153 1887 1272 1932 bourg
1293 1886 1338 1920 de
1357 1886 1389 1920 la
1409 1887 1477 1921 Ba·

69 1949 225 1993 silicam,
251 1948 344 1991 bati,
369 1947 509 1984 dit—on,
535 1947 597 1981 des
624 1948 747 1981 ruines
772 1947 817 1981 de
846 1948 1072 1993 Metaponte‚
1094 1958 1159 1993 par
1178 1945 1474 1980 Alexandre-Se-

68 2010 168 2054 vere,
189 2009 278 2044 dans
295 2008 329 2042 le
346 2007 528 2053 voisinage
548 2007 593 2042 de
614 2008 766 2042 matera.
789 2007 904 2042 ΚΘΗ-8
922 2013 1053 2041 autem·
1071 2019 1089 2040 a
1109 2006 1252 2048 oublie,
1273 2005 1361 2039 dans
1380 2012 1474 2040 cette

69 2069 343 2112 enumeration,
360 2080 410 2102 un
426 2079 654 2114 personnage
670 2068 732 2114 qui
750 2067 865 2114 parait
885 2067 986 2101 avoir
1002 2068 1059 2100 ete
1084 2066 1302 2113 important,
1321 2066 1475 2112 puisque

69 2129 103 2164 la
120 2128 336 2175 Chronique
355 2127 403 2161 du
422 2127 672 2162 Mont-Cassin
691 2127 723 2161 le
741 2139 887 2161 nomme
913 2125 1226 2160 immediatement
1249 2126 1351 2171 apres
1373 2125 1472 2159 Tan-

69 2186 178 2222 crede
199 2202 205 2221 :
226 2186 312 2221 c’est
335 2185 496 2228 Robert,
522 2185 575 2219 fils
596 2185 641 2219 de
664 2184 819 2228 Girard,
840 2185 903 2232 qui
926 2183 1062 2231 portait
1085 2182 1287 2218 l’e'tendard
1312 2182 1357 2217 de
1378 2183 1473 2217 Boe-

64 2246 180 2282 mond
196 2248 216 2280 ἐι
232 2245 266 2280 la
282 2244 428 2280 bataille
446 2244 491 2279 de
508 2244 675 2291 Dorylee.

112 2307 164 2352 (2)
182 2305 414 2348 Guillaume,
435 2305 530 2339 frere
549 2303 594 2338 de
614 2303 816 2340 'fanen-eade.

111 2365 162 2411 (3)
179 2366 343 2401 Durazzo
354 2393 363 2409 ,
379 2378 425 2400 en
441 2364 608 2399 Albanie.

109 2426 161 2472 (4)
178 2427 226 2461 Le
243 2425 314 2460 duc
329 2426 419 2460 Jean
437 2425 642 2467 Comnene,
664 2422 718 2457 fils
737 2422 871 2457 d’Isaac
889 2422 1093 2465 Conmene,
1114 2427 1150 2456 et
1167 2432 1282 2456 neven
1301 2419 1346 2455 de
1364 2418 1466 2455 l'em-

65 2497 199 2532 pereur
211 2484 350 2520 Alexis.

113 2544 168 2592 (5)
187 2545 238 2580 Ce
254 2556 300 2578 ne
318 2545 466 2591 pouvait
479 2544 557 2579 etre
574 2543 752 2586 Soliman,
773 2540 965 2576 fond-atem*
982 2540 1027 2575 de
1042 2539 1076 2574 la
1093 2539 1256 2587 dynastie
1272 2538 1335 2573 des
1353 2538 1471 2572 Tui-cs

64 2603 298 2650 Seljoucides,
313 2605 377 2651 qui
394 2604 510 2638 s’e'tait
528 2605 591 2638 tue
606 2602 650 2637 de
668 2602 850 2648 desespoir
863 2603 882 2635 a
894 2601 926 2635 la
941 2601 1034 2635 suite
1050 2600 1159 2635 d’une
1174 2599 1320 2635 bataille
1332 2598 1469 2646 perduc

66 2671 191 2699 contre
218 2663 252 2698 18
273 2663 394 2699 sultan
417 2663 546 2710 d'Alep
574 2675 620 2697 en
644 2661 752 2704 1085,
772 2662 862 2696 mais
890 2672 953 2696 son
976 2660 1030 2695 fils
1058 2660 1139 2695 aine
1163 2659 1309 2705 Kilidge
1337 2657 1467 2693 Arslau

63 2722 120 2768 (le
139 2723 347 2770 Champion
365 2725 504 2769 sacre'),
532 2723 692 2769 premier
721 2721 772 2756 du
797 2733 901 2765 nom,
926 2721 1012 2767 qui,
1036 2721 1138 2768 apres
1166 2732 1216 2754 un
1246 2719 1333 2765 long
1353 2718 1469 2752 inter-

62 2783 194 2831 regno,
217 2783 267 2818 lui
288 2784 379 2818 avait
396 2783 546 2819 succede
566 2795 610 2818 en
637 2794 734 2828 1⁴:192,
