2085 3455
557 336 633 371 152
916 332 1159 370 HISTORIA
1187 331 1589 370 ECCLESIASTICA.
1737 335 1951 395 [987-99i]

550 436 646 466 sua.
683 417 858 464 Exiens
891 433 1006 464 vero
1038 417 1241 464 Karolus
1263 416 1321 464 de
1350 418 1563 475 civitate,
1591 418 1768 482 fugavit
1799 419 1956 482 Hugo-

550 513 661 544 nem
672 513 781 544 cum
797 495 1006 543 exercitu
1024 513 1124 542 suo.
1141 496 1334 542 Incensa
1353 494 1553 559 hospitia
1566 531 1578 553 ,
1602 494 1683 541 ubi
1702 494 1955 543 manebant

550 574 719 622 hostes.
746 574 954 620 Cernens
973 573 1130 638 itaque
1150 574 1288 637 Hugo
1312 572 1407 619 dux
1431 572 1559 637 quod
1584 573 1781 618 minime
1803 583 1955 635 posset

551 652 781 699 Karolum
804 652 1018 708 vincere,
1040 651 1291 697 consilium
1311 649 1476 696 habuit
1499 667 1607 696 cum
1630 649 1849 696 Ascelino
1870 660 1958 695 tra-

549 729 705 776 ditore
732 729 915 784 vetulo,
954 729 1034 793 qui
1071 739 1171 774 erat
1204 729 1447 791 episcopus
1474 728 1610 773 salsus
1643 726 1880 783 Lauduni,
1913 729 1984 772 et'

551 806 843 853 consiliarius
874 805 1057 852 Karoli.
1084 806 1246 868 Itaque
1279 804 1466 850 tradens
1499 803 1742 850 Ascelinus
1773 804 1959 867 episco—

550 901 636 946 pus
658 882 940 929 Laudunum
964 892 1135 938 noctu,
1159 880 1510 945 quiescentibus
1533 881 1713 926 cunctis
1726 916 1740 938 ,
1770 881 1958 943 Hugoni

550 957 656 1006 duci
681 960 1003 1015 Francorum,
1030 958 1215 1004 vinctus
1240 968 1308 1003 est
1325 956 1528 1002 Karolus
1552 974 1658 1002 eum
1682 973 1829 1002 uxore
1853 973 1930 1002 sua
1945 993 1956 1012 ‚

551 1048 597 1083 et
615 1035 780 1083 ductus
802 1036 849 1087 in
871 1034 1079 1082 custodia
1107 1034 1372 1081 Aurelianis
1396 1034 1601 1080 civitate.
1622 1032 1847 1080 Nondum
1870 1052 1959 1080 au—

552 1125 648 1160 tem
667 1114 762 1177 ipse
785 1113 987 1159 Karolus
1007 1123 1109 1158 erat
1130 1123 1299 1157 unctus
1324 1111 1371 1157 in
1390 1128 1548 1175 regem
1563 1147 1575 1167 ,
1603 1111 1845 1157 resistente
1862 1112 1962 1157 Hu-

552 1208 675 1255 gone
697 1191 833 1237 duce.
863 1192 1057 1237 Manens
1071 1207 1185 1237 vero
1211 1189 1332 1237 idem
1355 1191 1556 1236 Karolus
1578 1191 1624 1236 in
1647 1190 1853 1237 custodia
1871 1190 1963 1236 Au-

553 1269 742 1315 relianis
771 1269 820 1314 in
857 1270 1054 1325 turrim,
1090 1268 1253 1332 genuit
1285 1267 1353 1313 illi
1388 1284 1509 1314 uxor
1545 1286 1623 1313 sua
1658 1268 1778 1315 filios
1810 1266 1959 1314 duos:

555 1344 846 1391 Ludovicum
877 1355 924 1390 et
964 1344 1212 1390 Karolum.
1251 1342 1435 1390 Eodem
1465 1361 1590 1390 anno
1621 1354 1790 1390 unctus
1821 1354 1889 1389 est
1916 1344 1963 1389 in

554 1439 715 1486 regem
739 1422 896 1468 Remis
918 1422 1105 1468 civitate
1129 1422 1267 1484 Hugo
1291 1420 1403 1466 dux.
1420 1421 1483 1466 Et
1498 1421 1546 1466 in
1564 1421 1663 1484 ipso
1685 1438 1811 1468 anno
1833 1420 1964 1467 Rod-

555 1498 735 1557 bertus,
756 1498 878 1544 filius
897 1499 934 1562 ej
942 1516 1010 1556 uS‚
1030 1514 1111 1543 rex
1127 1496 1369 1544 ordinatus
1384 1508 1468 1543 est.
1492 1498 1578 1543 Hic
1592 1496 1749 1543 deficit
1765 1514 1965 1562 regnum

556 1576 719 1623 Karoli
748 1576 907 1639 Magni
934 1575 1026 1639 (ι).

620 1655 674 1700 In
699 1653 789 1699 illis
815 1652 979 1699 diebus
1002 1664 1102 1699 erat
1123 1654 1426 1699 Remensium
1443 1654 1629 1699 civitaoe
1651 1653 1966 1717 archiepisco-

556 1749 643 1795 pus
674 1731 749 1776 vir
781 1729 936 1776 bonus
961 1741 1007 1776 et
1040 1730 1300 1787 modestus,
1328 1731 1474 1776 frater
1508 1729 1721 1776 Lotharii
1756 1730 1878 1794 regis
1910 1747 1966 1776 ex

557 1808 837 1862 concubina⁷
862 1808 1055 1854 nomine
1074 1806 1317 1853 Arnulsus.
1345 1809 1484 1872 Hugo
1507 1819 1664 1854 autem
1682 1824 1764 1853 rex
1785 1807 1967 1854 invide-

557 1887 638 1932 bat
662 1887 726 1943 ei,
757 1887 916 1932 volens
940 1886 1256 1932 exterminare
1276 1887 1553 1949 progeniem
1582 1885 1791 1931 Lotharii
1823 1886 1963 1950 regis.

558 1963 953 2028 Congregansque
974 1964 1020 2009 in
1039 1962 1158 2009 urbe
1174 1963 1392 2009 Remensi
1409 1963 1664 2026 synodum,
1689 1963 1811 2008 idem
1831 1964 1967 2027 Hugo

558 2058 642 2088 rex
664 2041 882 2087 invitavit
904 2039 1311 2103 archiepiscopum
1335 2042 1580 2087 Senonicae
1602 2041 1749 2097 urbis,
1777 2041 1987 2087 nomine

558 2119 825 2176 Sevvinum,
853 2136 961 2164 cum
983 2117 1287 2181 suffraganeis
1306 2119 1411 2164 suis.
1433 2119 1486 2164 In
1513 2136 1608 2182 quo
1633 2118 1835 2165 concilio
1860 2117 1969 2164 fecit

557 2195 814 2260 degradare
832 2194 1064 2242 domnum
1085 2195 1359 2253 Arnulsum‚
1377 2195 1664 2259 archiepisco
1670 2214 1783 2259 pum
1801 2196 1970 2242 Remo-

560 2292 685 2331 rum,
707 2273 818 2320 dolo
836 2274 902 2335 (2)
922 2274 1104 2337 nepotis
1128 2275 1216 2331 sui,
1235 2292 1376 2338 quem
1398 2274 1586 2320 tenebat
1611 2275 1656 2319 in
1674 2290 1876 2330 carcere,
1905 2273 1970 2319 di-

560 2369 668 2398 cens
694 2369 792 2398 non
820 2351 991 2398 debere
1020 2369 1114 2398 esse
1138 2353 1410 2416 episcopum
1428 2364 1590 2398 natum
1611 2370 1665 2399 cx
1682 2351 1965 2399 concubina.

559 2430 611 2475 In
640 2429 746 2476 loco
768 2446 882 2476 vero
907 2430 1001 2493 ejus
1017 2431 1278 2476 consecrari
1299 2431 1408 2476 fecit
1430 2429 1662 2476 domnum
1682 2430 1969 2477 Gerbertum

604 2583 654 2628 (ι)
671 2582 741 2618 Sur
758 2594 815 2616 ces
833 2582 1083 2625 evenements,
1104 2595 1212 2628 voyez
1231 2582 1411 2618 ci-dessus
1426 2590 1454 2617 t.
1476 2584 1511 2625 Ι,
1527 2596 1560 2629 p.
1586 2583 1649 2630 169
1666 2591 1702 2618 ct
1722 2596 1797 2632 170.

605 2644 655 2688 (2)
674 2642 791 2677 Dolus
807 2648 862 2676 est
878 2642 1043 2688 employe
1061 2642 1106 2676 ici
1125 2642 1214 2676 dans
1234 2641 1267 2677 le
1286 2654 1366 2677 sens
1384 2641 1429 2677 dc
1447 2642 1553 2677 dolor
1569 2649 1605 2677 ct
1623 2642 1673 2677 du
1695 2650 1771 2678 mot
1790 2644 1944 2690 sransgais
1960 2659 1965 2677 t

559 2702 678 2745 deuil‚
708 2703 849 2737 suivant
877 2714 941 2737 son
970 2702 1156 2749 acception
1182 2702 1384 2749 populaire.
1410 2702 1602 2737 peut-etn-
1630 2703 1747 2737 menie
1774 2703 1897 2738 saut-il
1925 2703 1968 2747 l'qv

561 2761 717 2808 prendre
734 2774 874 2797 comme
892 2773 1088 2808 synonyme
1105 2761 1149 2796 de
1167 2762 1371 2808 prbjudice,
1393 2761 1605 2796 den-inient.
1620 2783 1664 2789 —
1677 2763 1826 2798 Chai-los
1845 2763 1967 2797 n’ctait

517 2847 520 2850 «
560 2822 663 2868 point
680 2821 712 2857 le
731 2833 862 2864 neven,
886 2820 974 2855 mais
994 2827 1071 2855 tout
1091 2833 1135 2854 au
1154 2821 1334 2856 contraire
1354 2820 1481 2856 l'onclc
1503 2821 1696 2856 d'Arnonl.
