2085 3455
534 293 612 331 542
851 294 1095 332 HISTORIA
1127 294 1532 332 ECCLESIASTICA.
1566 298 1942 346 [1110-v03UN.1098]

532 396 695 426 omnes
731 380 931 425 civitatis
968 380 1340 444 intercapedines
1367 381 1428 426 ita
1453 381 1606 428 densis
1640 393 1777 428 erant
1797 400 1942 430 occu-

531 468 653 520 patae
689 456 1016 513 cadaveribus,
1052 469 1105 504 ut
1137 458 1258 504 liber
1294 459 1474 504 nemini
1505 458 1698 506 daretur
1723 461 1939 507 incessus.

532 535 747 598 Compita
772 536 1004 582 nimirum
1033 547 1078 582 et
1107 537 1249 582 viculi
1279 537 1406 582 caesis
1435 536 1813 599 impediebantur
1845 555 1946 584 cor-

532 613 755 676 poribus3
780 614 905 660 unde
929 613 1106 660 horror
1129 625 1174 660 et
1197 615 1344 661 foetor
1369 615 1542 660 nimius
1561 614 1851 678 quibuslibet
1874 617 1944 662 in-

534 690 789 737 cumbebat
807 691 1071 738 viatoribus
1094 692 1183 753 (ι).

598 767 664 814 X.
694 768 876 814 Auditis
898 768 1172 815 rumoribus
1195 768 1252 815 de
1283 780 1415 833 capta
1437 772 1650 828 civitate,
1673 771 1837 827 multi,
1864 772 1944 834 qui

533 846 590 892 ad
613 848 708 910 ejus
728 845 1069 892 adminiculum
1093 845 1449 903 confluxerant,
1474 850 1549 895 vel
1571 848 1721 895 adhuc
1745 847 1949 895 conflue-

533 922 667 979 bant,
690 923 925 986 perempti
944 933 1069 969 sunt.
1094 922 1209 980 Alii,
1233 923 1280 969 in
1301 925 1614 988 municipium
1633 926 1828 988 recepti,
1850 942 1949 971 eva-

534 1011 714 1046 serunt.
745 1000 838 1045 Alii
859 1016 975 1045 vero
1003 999 1114 1044 vitae
1144 1017 1238 1045 suae
1262 999 1369 1064 fuga
1395 1002 1753 1047 consuluerunt.
1793 1002 1949 1047 Sensa-

531 1076 667 1124 dolus
683 1077 752 1139 (2)
765 1087 941 1133 autem,
962 1075 1166 1122 Cassiani
1183 1075 1323 1133 filius,
1343 1077 1659 1124 Curbaranno
1677 1080 1766 1141 (ὅ),
1785 1078 1950 1142 magis-

536 1164 610 1199 tro
631 1154 816 1199 militiae
837 1152 1049 1210 Soldani‚
1077 1154 1328 1200 Persarum
1349 1156 1489 1217 regis,
1517 1156 1754 1211 occurrit,
1775 1166 1821 1201 et
1841 1172 1950 1200 cum

533 1231 696 1277 multis
728 1230 916 1277 fletibus
957 1230 1086 1277 diros
1119 1232 1266 1294 patris
1301 1232 1563 1296 patriaeque
1599 1250 1728 1279 casus
1765 1233 1945 1279 retulit.

534 1310 672 1354 Hunc
712 1308 942 1353 nimirum
977 1307 1243 1365 Cassianus,
1270 1307 1385 1353 dum
1417 1307 1716 1354 obsideretur
1738 1308 1797 1354 ab
1821 1309 1951 1355 occi—

534 1384 800 1431 dentalibus
816 1422 827 1441 ,
854 1384 911 1431 ad
936 1383 1267 1431 liberationem
1293 1384 1560 1431 Antiochiae
1590 1386 1750 1431 multis
1774 1386 1951 1432 invita-

535 1472 666 1507 verat
690 1459 1022 1524 legationibus.
1046 1461 1205 1507 Tertia
1228 1460 1327 1517 die,
1353 1472 1604 1525 postquam
1624 1462 1785 1508 civitas
1809 1461 1952 1507 Chri-

582 1611 635 1653 (1)
660 1610 707 1643 Le
730 1609 849 1643 meme
872 1609 1052 1643 historien
1076 1621 1121 1643 ne
1148 1608 1270 1642 donne
1296 1609 1431 1655 qu⁷une
1460 1609 1541 1643 idee
1570 1621 1664 1643 assez
1692 1610 1875 1644 mediocre
1902 1610 1952 1643 du

537 1670 645 1704 butin
675 1681 747 1716 que
772 1668 822 1702 les
849 1668 982 1702 croises
1008 1668 1222 1702 trouverent
1243 1670 1262 1701 a
1284 1668 1468 1702 Antioche
1490 1684 1495 1700 :
1523 1667 1632 1702 Ostra
1654 1675 1795 1702 lantum
1819 1669 1956 1703 (livens-i

538 1731 684 1775 generis
703 1735 737 1762 et
754 1729 886 1763 coloris
907 1728 976 1774 (on
996 1727 1063 1762 snit
1079 1726 1168 1774 qu'il
1187 1739 1208 1772 y
1227 1728 1320 1761 avait
1337 1726 1382 1761 de
1404 1728 1437 1761 la
1456 1739 1616 1774 pourpre
1632 1727 1830 1774 blanche);
1848 1730 1955 1775 piper

536 1802 679 1836 quoque
699 1795 733 1823 et
750 1791 939 1834 pigmenta
957 1788 1135 1832 plurim&
1154 1793 1278 1821 vestes
1294 1793 1328 1821 et
1342 1788 1549 1832 papiliones
1565 1788 1756 1834 gentilium
1766 1805 1775 1828 ;
1796 1794 1953 1823 tesseras·

537 1857 571 1885 et
588 1851 709 1889 alea55
730 1850 818 1895 (suin
836 1855 870 1883 et
887 1849 1097 1894 pecuniam,
1120 1846 1189 1881 sed
1206 1860 1279 1881 non
1296 1847 1450 1880 multam
1470 1849 1699 1882 invenerunt.

583 1910 632 1954 (2)
649 1909 889 1954 Allzmicipium
904 1906 1046 1953 signifie
1065 1906 1110 1940 ici
1126 1905 1158 1939 la
1177 1904 1356 1940 citadelle.
1378 1905 1409 1939 Ι1
1423 1906 1539 1951 parait
1556 1918 1627 1952 que
1639 1906 1671 1939 le
1689 1905 1743 1940 fils
1762 1905 1806 1940 (le
1822 1906 1954 1953 Bagui-

536 1969 623 2004 Sian
641 1980 686 2002 ne
704 1967 738 2001 la
759 1967 870 2002 remit
889 1966 1036 2013 qu’avec
1054 1965 1244 2012 beaucoup
1262 1965 1307 1999 de
1326 1966 1560 2011 repugnance
1577 1968 1595 1999 a
1614 1965 1800 2012 Kerboga,
1821 1966 1884 2013 qui
1909 1979 1954 2001 en

538 2029 578 2062 fit
595 2040 667 2062 une
684 2025 875 2061 condition
889 2024 1038 2060 absolue
1055 2024 1100 2059 de
1118 2036 1183 2059 son
1201 2024 1460 2058 intervention.
1477 2024 1536 2059 Au
1554 2023 1627 2058 lieu
1645 2023 1690 2058 de
1711 2024 1951 2067 Sensadolm,

537 2100 586 2122 on
604 2095 732 2122 trouve
753 2085 842 2120 dans
862 2085 1039 2132 quelques
1057 2092 1179 2119 autres
1194 2085 1392 2118 historiens
1409 2095 1473 2118 son
1492 2095 1577 2118 nom
1595 2084 1686 2118 ecrit
1705 2083 1955 2119 sensadonias

537 2159 587 2181 ou
607 2145 838 2181 Sanzedona.
863 2144 925 2179 On
946 2150 1035 2190 peut
1052 2143 1171 2177 croire
1192 2154 1263 2190 que
1283 2143 1370 2177 c’est
1390 2154 1462 2176 une
1483 2143 1699 2188 corruption
1717 2141 1762 2176 de
1785 2142 1955 2177 Sclzems-

539 2204 962 2250 el-Daule'(prononcez
981 2218 986 2235 z
1007 2200 1399 2244 Sclzems-Edclaule'),
1418 2199 1451 2234 le
1469 2199 1579 2235 Soleil
1598 2199 1644 2233 de
1663 2200 1855 2247 l'Empire,
1878 2212 1956 2235 sur-

540 2277 626 2299 nom
649 2263 883 2309 honorifique
911 2262 1098 2296 conforme
1121 2263 1140 2295 a
1160 2261 1295 2307 l’usage
1319 2260 1365 2295 de
1389 2260 1420 2294 la
1449 2271 1537 2294 cour
1560 2259 1623 2295 des
1649 2259 1785 2295 saltans
1812 2261 1954 2307 Seljou-

539 2324 651 2359 eides.
668 2324 719 2359 Ce
742 2323 795 2357 fils
815 2322 860 2356 de
878 2322 1099 2369 Bagui-Siau
1116 2334 1161 2356 ne
1183 2328 1271 2368 peut
1293 2321 1370 2356 etre
1393 2321 1426 2355 Ie
1445 2321 1583 2362 meme⁷
1611 2320 1702 2355 dont
1724 2320 1956 2368 Ibn-Allatyr

539 2384 604 2418 fait
623 2383 789 2418 mention
808 2394 890 2416 sous
906 2381 938 2416 le
957 2394 1043 2416 nom
1060 2381 1106 2416 de
1123 2380 1358 2415 Mohammed
1370 2409 1378 2421 ,
1400 2388 1435 2415 et
1451 2381 1513 2428 qui
1532 2387 1682 2415 mourut
1701 2381 1768 2427 fige
1784 2381 1871 2415 d’un
1885 2394 1956 2428 peu

539 2443 622 2489 plus
640 2443 685 2476 de
705 2443 808 2489 vingt
825 2454 887 2476 ans
899 2470 907 2484 ,
929 2443 1033 2488 apres
1052 2443 1151 2476 avoir
1169 2442 1226 2475 ete
1244 2440 1330 2475 dote
1347 2440 1435 2474 d'un
1454 2440 1516 2474 fies
1530 2440 1618 2474 dans
1635 2440 1954 2487 l'Ader-Baydjan.

542 2503 665 2549 Voyez
690 2503 740 2537 les
763 2502 922 2536 Extraits
945 2501 1228 2547 ‹FIlJn-Allatyr,
1252 2513 1318 2547 par
1337 2507 1443 2535 notre
1464 2507 1587 2534 sax-ant
1608 2501 1774 2535 confrere
1793 2502 1844 2536 M.
1866 2500 1955 2536 Rei-

541 2562 658 2605 naud,
676 2575 712 2608 p.
728 2561 794 2596 252
807 2590 815 2604 ,
838 2570 875 2597 et
889 2562 920 2595 le
938 2569 1053 2605 texte,
1074 2575 1107 2608 p.
1132 2561 1209 2596 188.
1229 2561 1331 2595 Nous
1347 2572 1473 2595 savons
1490 2560 1692 2603 d’ailleurs,
1711 2573 1776 2607 par
1789 2561 1954 2595 Kermal-

542 2622 684 2664 Eddiu,
708 2634 778 2669 que
797 2622 1021 2669 Bagui-Sian
1043 2622 1135 2656 avait
1154 2621 1248 2656 deux
1270 2621 1338 2655 fils.

589 2682 640 2729 (5)
664 2683 850 2726 Kerboga,
879 2683 1004 2728 prince
1030 2682 1074 2716 de
1100 2681 1279 2723 Mossoul,
1306 2681 1510 2716 lientenant
1535 2681 1585 2715 du
1608 2681 1726 2715 sultan
1750 2681 1955 2727 Seljoucide

545 2744 759 2784 Barkiarok,
785 2743 838 2776 fils
856 2743 901 2776 de
921 2743 1183 2777 Malek-Schali
1196 2771 1204 2785 7
1225 2743 1289 2790 qui
1312 2742 1525 2788 goniei-nait
1545 2740 1706 2776 l'Orient
1725 2753 1807 2775 sous
1824 2741 1954 2776 Paulo-

544 2804 614 2837 rite
633 2802 815 2838 nominalc
832 2803 882 2836 du
900 2801 1004 2836 calisc
1026 2802 1249 2845 Mostadher,
1272 2801 1325 2835 fils
1346 2801 1391 2835 dc
1413 2800 1803 2835 Moctadi-Bamrillah.
