2033 3445
114 294 214 340 [xw0
229 303 314 330 AUG.
339 290 459 337 1099]
633 287 786 326 LIBER
814 286 993 324 NONUS.
1430 288 1511 324 619

176 374 466 422 Raimundus
488 391 659 431 comeS,
684 393 708 420 a
723 374 843 420 mari
866 373 1092 431 militans,
1115 373 1350 420 interfecit
1367 373 1513 419 innu-

113 470 293 510 meros,
326 463 373 499 et
395 451 622 517 fugientes
644 451 702 497 ad
725 452 986 507 civitatem,
1012 467 1118 514 quae
1140 450 1431 514 aliquatenus
1454 450 1515 495 ab

114 531 222 593 ipsis
238 529 456 586 distabat,
477 529 724 593 insigniter
746 526 949 574 arcebat.
980 526 1112 572 Unde
1133 528 1329 591 fatigati,
1356 543 1514 573 rema—

114 606 314 665 nebant,
356 606 429 653 vel
469 606 712 653 confestim
752 603 951 667 percussi
994 602 1307 666 oppetebant,
1357 604 1426 650 vel
1467 604 1514 649 in

114 699 244 729 mare
276 698 323 729 se
353 680 736 746 praecipitabant,
764 690 811 726 et
833 679 897 725 sic
930 679 1197 742 praecipites
1229 696 1254 723 a
1283 689 1437 724 morte
1467 679 1514 724 in

114 770 320 806 mortem
353 757 570 804 ruebant.
601 757 851 821 Navigium
885 754 1166 801 Admiravisi
1199 771 1330 800 mare
1364 765 1517 801 totum

112 835 406 892 occuluerat,
431 843 478 880 et
499 849 612 897 gens
630 833 709 879 illa
729 832 873 879 finem
892 831 1004 879 belli
1026 831 1317 895 expectabat.
1343 829 1518 876 Viden-

113 923 179 959 tes
209 922 364 958 autem
397 911 561 968 aliam,
602 928 745 977 quam
777 920 1107 974 speraverant,
1146 909 1239 955 suis
1273 909 1520 954 imminere

112 990 376 1046 fortunam,
404 987 585 1052 scaphis
608 988 803 1034 ascensis
822 988 923 1034 vela
948 987 995 1033 in
1020 997 1214 1033 ventum
1238 985 1520 1049 obliquave-

115 1077 253 1123 runt,
291 1076 339 1112 et
366 1066 430 1112 sic
455 1065 511 1112 ad
535 1066 736 1130 patriam
764 1065 1134 1129 remigaverunt.
1162 1064 1338 1109 Dicunt
1367 1072 1519 1108 autem

116 1143 466 1190 Admiravisum
489 1144 568 1189 vix
591 1143 900 1207 palpitantem
932 1143 1023 1189 alte
1056 1141 1358 1205 ingemuisse,
1390 1151 1436 1185 et
1460 1140 1524 1185 sic

116 1221 350 1284 planxisse
374 1240 384 1266 ε
413 1220 455 1266 Ο
483 1226 691 1266 omnium
728 1220 945 1277 Creator,
978 1219 1097 1283 quid
1125 1229 1193 1265 est
1225 1217 1355 1264 hoc?
1393 1216 1526 1280 Quid

119 1297 323 1354 accidit,
370 1297 501 1361 quod
524 1297 697 1360 fatum
740 1296 871 1343 nobis
914 1294 1138 1359 ity‘estum
1179 1293 1386 1341 nocuit?
1430 1294 1527 1338 Hei

119 1374 264 1420 mihi!
307 1392 453 1438 quam
500 1374 743 1438 ineffabile
786 1374 1022 1420 dedecus!
1061 1390 1208 1437 quam
1248 1373 1523 1417 diuturnum

122 1454 458 1517 improperium
486 1455 618 1516 genti
641 1463 814 1497 nostroe
846 1453 1075 1514 contigit!
1115 1450 1241 1495 Gens
1275 1449 1523 1504 mendica,

118 1547 238 1593 gens
262 1528 453 1576 modica
475 1530 610 1593 genti
630 1539 802 1574 nostrre
813 1529 1092 1593 prcevaluit.
1121 1527 1259 1573 Unde
1278 1525 1397 1572 hoc?
1420 1543 1528 1571 con·—

123 1607 335 1652 ventione
357 1604 541 1668 jueta,
581 1604 670 1650 huc
708 1606 922 1652 conduxi
960 1605 1161 1650 militum
1196 1620 1247 1649 cc
1283 1603 1464 1658 millia,
1487 1613 1530 1647 et

112 1684 334 1749 peditum
356 1700 447 1728 non
466 1694 533 1729 esc
550 1700 790 1739 numerus,
811 1700 926 1746 quos
939 1683 1071 1728 omni
1082 1681 1261 1727 mundo
1281 1679 1530 1727 credebam

116 1762 468 1826 proevalituros.
496 1760 641 1805 Nune
663 1770 846 1814 alitem,
876 1769 924 1803 ut
950 1776 1046 1803 non
1071 1761 1290 1813 mentiar,
1318 1775 1348 1801 a
1374 1757 1531 1801 minus

126 1857 269 1903 quam
292 1838 423 1884 mille
443 1837 697 1893 militibus,
723 1848 767 1882 et
795 1852 891 1882 xxx
917 1835 1139 1900 peditum
1171 1833 1403 1889 millibus,
1436 1844 1529 1878 tam

127 1917 398 1963 indecenter
419 1918 631 1980 superati
656 1924 784 1960 sunt.
816 1915 918 1958 Aut
947 1912 1133 1958 illorum
1161 1912 1295 1957 Deus
1318 1913 1533 1974 omnipo-

130 2006 228 2040 tens
263 2004 356 2048 est,
393 2004 436 2038 et
462 2010 548 2056 pro
579 1993 646 2038 eis
670 2001 889 2053 pugnut;
921 2000 1005 2035 aut
1035 2000 1194 2035 noster
1222 1987 1358 2033 nobis
1384 1990 1533 2032 iratus

130 2083 214 2130 est,
237 2082 281 2117 et
302 2088 387 2117 nos
409 2071 553 2116 nimis
575 2067 943 2132 ciusterofurore
964 2069 1174 2130 castigat
1198 2076 1240 2111 et
1264 2064 1530 2127 redm'guit.

136 2147 391 2212 Quidquid
418 2148 502 2204 sit,
528 2163 672 2192 unum
699 2146 802 2191 erit.
839 2150 897 2190 In
927 2161 1004 2190 eos
1038 2143 1195 2188 denuo
1219 2159 1315 2187 non
1347 2142 1535 2203 erigar,-

131 2226 218 2272 Sed
254 2225 414 2289 potius
451 2224 520 2269 ad
548 2224 771 2288 patriam
797 2238 977 2277 meam,
1005 2222 1346 2281 ignominiosus
1384 2217 1536 2262 donec

131 2304 333 2358 vixero,
358 2313 576 2347 revertar.
598 2300 680 2345 His
698 2298 856 2355 dictis,
880 2295 1248 2359 lacrymabiliter
1268 2309 1537 2357 conquere-

132 2379 292 2435 batur,
315 2387 361 2423 et
376 2376 435 2423 ab
461 2377 639 2422 intimis
662 2373 1026 2421 lamentabatur.
1055 2372 1363 2428 Ascalonitae,
1388 2380 1441 2415 ut
1463 2369 1538 2413 vi-

134 2455 308 2501 derunt
343 2454 571 2517 fugientes
616 2452 860 2517 Agarenos
899 2450 1069 2496 urbem
1105 2447 1425 2512 conglobatim
1463 2448 1541 2492 in-

137 2543 281 2587 trare,
300 2541 347 2576 et
365 2529 681 2575 Raimundum
701 2529 921 2575 comitem
939 2545 1045 2572 cum
1065 2527 1156 2571 suis
1173 2522 1540 2589 provincialibus

141 2608 461 2655 indeficienter
483 2607 698 2670 persequi
727 2617 773 2652 et
798 2615 1030 2660 mactare,
1062 2603 1216 2648 valvas
1245 2603 1537 2656 clauserunt,

140 2696 184 2732 et
219 2685 370 2731 hostes
402 2685 761 2747 auxiliariosque
790 2683 967 2745 pariter
1001 2681 1316 2727 excluserunt.
1354 2677 1540 2722 Metue-

144 2762 256 2808 bant
282 2763 408 2808 onim
434 2779 490 2808 ne
515 2779 620 2808 cum
649 2759 1015 2807 adminiculariis
1043 2756 1337 2803 invincibiles
1364 2754 1541 2800 inimici
1604 2753 1609 2758 ’
