2033 3445
42 307 304 356 [1087-1088]
512 306 662 344 LIBER
693 305 936 342 OCTAVUS.
1352 308 1430 344 ‘267’

39 411 124 457 pro
154 409 232 455 spe
263 403 308 438 et
341 392 558 455 cupidine
587 408 840 438 munerum
873 390 958 436 sibi
994 392 1270 436 connexuit.
1306 393 1438 438 Defi-

38 471 186 516 ciente
203 469 390 526 aerafflo,
410 469 667 516 Henricum
687 470 881 515 fratrem
896 485 1029 513 suum
1043 503 1055 523 ‚
1078 477 1131 512 ut
1148 467 1204 513 de
1220 467 1439 515 thesauro

36 563 116 592 suo
148 543 232 590 sibi
273 544 429 601 daret,
468 545 730 609 requisivit.
768 544 903 604 Quod
945 544 1022 590 ille
1057 545 1256 591 omnino
1291 544 1439 591 facere

37 624 201 671 noluit.
240 623 345 668 Dux
382 633 533 669 autem
571 622 814 669 mandavit
847 622 1073 686 etquod,
1110 623 1142 668 si
1183 623 1346 679 vellet,
1383 622 1440 669 de

38 713 158 749 terra
179 717 254 745 sna
275 698 500 745 venderet
524 699 611 745 illi.
635 700 883 755 Henricus,
906 710 958 744 ut
981 698 1156 745 audivit
1176 698 1306 763 quod
1329 715 1440 745 con-

39 777 236 840 cupivit,
275 775 496 823 mandato
536 776 694 822 fratris
734 775 939 822 libenter
981 775 1236 840 adquievit,
1282 776 1442 822 Pactio

39 856 189 918 itaque
216 854 339 899 inter
360 854 526 899 fratres
550 853 683 899 firma
709 855 825 901 sacta
851 864 934 900 est.
963 854 1194 899 Henricus
1216 852 1321 899 duci
1351 853 1439 898 tria

39 931 177 977 millia
203 929 434 976 librarum
452 932 634 994 argenti
656 932 885 994 erogavit,
912 942 958 976 et
977 930 1035 976 ab
1059 947 1114 977 eo
1139 941 1292 976 totum
1317 930 1439 975 Con—

37 1007 288 1052 staminum
307 1023 479 1070 pagum
500 1008 590 1070 (ι),
612 1024 718 1071 quae
740 1007 877 1053 tertia
895 1007 1205 1053 Nol-manniae
1226 1024 1333 1070 pars
1353 1017 1439 1063 est,

37 1085 224 1147 recepit.
253 1084 327 1130 Sic
349 1085 580 1130 Henricus
601 1084 832 1131 Abrincas
855 1096 901 1130 et
927 1085 1281 1142 Constantiam,
1306 1084 1444 1130 Mon-

36 1172 219 1225 temque
243 1161 397 1207 Sancti
423 1160 665 1208 Michaelis
688 1162 735 1208 in
759 1162 972 1225 periculo
996 1163 1161 1218 maris,
1192 1173 1442 1225 totumque

35 1237 225 1285 ¹fundum
267 1240 337 1301 (2)
381 1240 594 1302 Hugonis
640 1240 895 1285 Cestrensis
942 1240 1145 1286 consulis
1164 1275 1174 1295 ‚
1221 1238 1348 1303 quod
1393 1239 1439 1284 in

36 1315 246 1362 Neustria
277 1316 567 1378 possidebat,
597 1317 818 1380 primitus
847 1316 1072 1363 obtinuit.
1105 1317 1443 1363 Constantien-

36 1409 128 1439 sem
169 1394 322 1457 itaque
362 1394 658 1457 provinciam
698 1394 818 1441 bene
861 1394 1171 1458 gubernavit,
1219 1411 1443 1457 suamque

33 1471 324 1534 juventutem
344 1471 641 1517 laudabiliter
657 1473 883 1518 exercuit.
904 1473 990 1517 Hic
1010 1473 1054 1517 in
1079 1471 1268 1517 infantia
1283 1470 1445 1517 studiis

39 1548 298 1594 litterarum
329 1567 351 1593 a
379 1548 652 1611 parentibus
686 1549 884 1595 traditus
914 1560 1003 1606 est,
1032 1559 1079 1594 et
1112 1559 1203 1593 tam
1244 1548 1442 1593 naturali

39 1641 173 1689 quam
204 1625 457 1672 doctrinali
486 1627 675 1672 scientia
704 1626 930 1673 nobiliter
958 1626 1165 1672 imbutus
1189 1638 1273 1672 est.
1308 1627 1445 1671 Hunc

39 1704 337 1756 Lansrancn&
351 1704 730 1750 Dorobernensis
745 1706 1003 1768 episcopus,
1022 1704 1132 1749 dum
1146 1704 1355 1768 juvenile
1370 1720 1446 1749 ro-

38 1779 128 1826 bur
162 1781 393 1844 attingere
434 1781 577 1839 vidit,
617 1782 673 1827 ad
711 1800 838 1827 arma
878 1800 968 1845 pro
1006 1781 1274 1828 defensione
1310 1782 1443 1844 regni

40 1858 246 1917 sustulit,
276 1875 477 1922 eumque
507 1859 651 1905 lorica
680 1858 856 1914 induit,
892 1870 938 1904 et
969 1859 1147 1922 galeam
1179 1859 1317 1921 capiti
1352 1859 1448 1922 ejus

43 1935 285 1998 imposuit3
324 1936 485 1999 eique,
513 1946 563 1980 nt
595 1937 715 1999 regis
747 1936 845 1981 filio
880 1947 926 1981 et
958 1937 1002 1980 in
1034 1936 1177 1999 regali
1203 1946 1446 1981 stemmate

42 2022 174 2069 nato,
195 2012 379 2058 militiae
407 2012 650 2075 cingulum
672 2013 720 2057 in
743 2013 936 2058 nomine
962 2013 1154 2058 Domini
1177 2014 1325 2058 cinxit
1352 2013 1442 2075 (Β).

41 2089 124 2136 Hic
145 2106 213 2136 ΧΠ
241 2091 399 2146 annis,
430 2089 602 2154 quihus
627 2107 766 2152 super
791 2089 972 2154 Anglos
996 2090 1276 2136 Gnillelmns
1303 2090 1446 2135 Rufus

42 2169 276 2232 regnavit,
309 2167 591 2214 laboriosam
627 2184 711 2231 per
736 2168 889 2215 varios
914 2168 1103 2214 mobilis
1127 2170 1331 2214 fortunae
1356 2186 1445 2214 ro-

42 2255 158 2291 tatus
173 2247 316 2292 vitam
338 2247 583 2309 transegit,
605 2257 650 2291 et
672 2245 882 2291 tristibus
905 2262 980 2291 seu
1008 2247 1127 2291 laetis
1146 2247 1444 2303 exercitatus,

81 2451 129 2497 (ι)
151 2452 309 2500 Puisque
330 2453 538 2487 Avranches
561 2464 606 2486 en
631 2452 747 2486 saisait
775 2451 908 2497 partic,
934 2450 957 2483 il
983 2450 1096 2484 l'allait
1121 2451 1262 2496 ajouter
1284 2450 1447 2485 l'Avran-

40 2511 121 2545 chin
141 2519 176 2546 et
195 2513 311 2547 meme
328 2512 358 2545 la
379 2512 594 2546 chfitellcnie
612 2511 656 2545 dc
678 2512 788 2553 Viro,
814 2510 877 2557 qui
893 2509 1011 2544 devait
1031 2510 1242 2556 appui-tenir
1261 2522 1305 2543 au
1327 2517 1446 2543 conitv

39 2569 82 2604 de
106 2570 270 2605 Chester.
293 2570 412 2605 Meme
433 2572 538 2617 apres
561 2577 655 2605 cette
679 2569 935 2612 rectification,
958 2569 980 2603 il
999 2582 1020 2614 ⁸v
1052 2582 1069 2603 a
1088 2569 1133 2603 (lo
1151 2569 1405 2615 l'cxagcration
1428 2570 1445 2601 ἐι

38 2627 114 2663 dire
132 2641 202 2676 que
218 2630 250 2663 le
267 2629 439 2664 Cotentin
460 2630 672 2663 constituait
689 2629 721 2663 le
740 2630 828 2663 tien-s
844 2629 888 2662 dc
907 2628 939 2662 la
956 2629 1137 2674 province.

83 2689 131 2733 (2)
149 2689 325 2723 Feudum.
348 2690 414 2723 Ms.
434 2689 477 2723 dc
497 2689 527 2722 la
549 2690 646 2723 reim·
663 2689 708 2722 dc
728 2688 856 2722 Sui‘de.

81 2746 130 2792 (3)
148 2749 367 2782 L'initiation
387 2748 431 2783 dc
450 2750 563 2783 Hom-i
585 2751 602 2782 Ξι
623 2748 652 2782 la
673 2748 872 2782 chevalerie
891 2755 953 2781 eut
973 2748 1042 2781 lieu
1065 2748 1223 2794 pcntlant
1244 2761 1314 2794 qno
1333 2748 1443 2780 (inil—

38 2806 151 2841 lanmc
164 2808 335 2842 celcbrait
350 2808 398 2841 les
409 2809 497 2842 setes
511 2809 555 2842 de
571 2808 599 2841 la
615 2808 809 2842 Ponte-cote
824 2811 840 2841 ἐι
857 2808 1103 2850 winchester,
1122 2821 1164 2841 vn
1187 2809 1284 2854 1087,
1304 2808 1443 2853 ‹Fami-s

36 2865 64 2898 la
83 2867 282 2913 chronique
302 2869 478 2902 Saxonnv.
500 2870 549 2901 (iv
571 2869 694 2914 print-c
714 2869 794 2901 oluit
819 2867 910 2900 alors
931 2868 996 2913 :ige
1015 2868 1058 2901 dv
1079 2868 1172 2912 vingt
1197 2880 1272 2900 ans.
