2085 3455
578 325 658 361 512
951 323 1188 361 HISTORIA
1221 322 1627 361 ECCLESIASTICA.
1733 327 1789 373 [m
1815 327 2005 376 molem]

641 409 943 455 Solimannus
963 445 974 464 ,
1016 409 1074 456 de
1116 410 1274 455 Nicaea
1318 409 1502 473 fugiens
1524 447 1534 466 ,
1587 409 1800 456 Arabum
1840 410 2002 457 decem

576 486 725 532 millia
751 486 956 540 invenit,
982 488 1141 550 eisque
1166 486 1361 532 nimiam
1381 485 1671 549 probitatem
1695 497 1742 532 et
1763 485 2003 533 audaciam

577 575 623 610 et
664 565 891 610 invictam
931 563 1263 610 fortitudinem
1306 575 1352 609 et
1391 564 1745 610 multitudinem
1766 601 1779 621 ,
1829 564 2005 610 ditissi-

577 659 803 707 mumque
827 652 1110 704 apparatum
1138 641 1402 687 luculenter
1427 642 1618 698 retulit3
1650 660 1742 706 qua
1775 642 2005 688 relatione

579 739 738 768 secum
775 737 941 766 omnes
975 721 1137 784 sugere
1169 720 1419 783 compulit.
1461 721 1726 776 Caeterum,
1766 721 1885 767 sicut
1915 719 2006 765 hu-

581 817 778 845 manum
821 797 1069 861 ingenium
1109 797 1315 859 plurima
1359 808 1712 843 commentatur
1754 808 1800 844 et
1841 796 2009 843 frivola

581 875 858 930 meditatur,
887 874 1032 920 Turci
1056 873 1301 936 stropham
1327 875 1397 937 (Ι)
1424 875 1717 938 simplicibus
1744 875 2009 921 Christico-

583 955 640 1000 lis
664 953 883 999 nocivam
909 951 1165 998 machinati
1193 962 1320 996 sunt.
1344 951 1647 998 Solimannus
1665 953 1816 1011 enim,
1838 953 2011 1017 aliique

583 1032 781 1097 gentiles
795 1067 806 1087 ,
826 1030 882 1076 ad
903 1031 1115 1077 civitates
1133 1030 1206 1075 vel
1224 1030 1408 1076 castella
1428 1066 1437 1084 ‚
1462 1031 1508 1076 in
1528 1030 1698 1095 quibus
1717 1030 2012 1077 Christicolae

584 1110 773 1156 Suriani
792 1108 1053 1174 degebant,
1081 1109 1348 1165 venienteS,
1372 1107 1570 1154 subdole
1588 1108 1645 1154 ad
1666 1126 1743 1156 eos
1761 1107 2009 1155 dicebant:

588 1189 862 1235 Deoicimus
886 1189 1109 1233 Francos
1119 1205 1134 1241 ;
1160 1188 1358 1232 omnino
1383 1185 1682 1249 abjecerunt,
1711 1199 1755 1233 et
1771 1189 1817 1234 si
1835 1189 1920 1251 qui
1939 1205 2016 1232 sn...

584 1278 805 1332 pensant,
845 1267 894 1312 in
930 1265 1170 1312 cuniculis
1212 1264 1489 1311 absconditi
1519 1277 1647 1311 sunt.
1696 1266 1772 1312 Sic
1805 1265 2016 1311 incautos

587 1344 974 1410 alloquebantur,
1013 1356 1060 1391 et
1098 1345 1223 1390 intra
1255 1354 1416 1407 portas
1440 1360 1608 1389 eorum
1643 1343 2013 1407 recipiebantur.

586 1424 885 1488 Ingressique
920 1423 1180 1469 insciorum
1214 1421 1501 1484 municipia,
1539 1420 1705 1468 domos
1735 1432 1782 1468 et
1804 1422 2018 1468 ecclesias

585 1501 1000 1566 depraedabantur.
1031 1500 1275 1565 Quidquid
1299 1510 1402 1546 erat
1426 1501 1690 1563 pretiosum
1721 1511 1768 1546 et
1793 1500 2018 1563 concupi-

587 1579 772 1634 scibile,
802 1578 924 1624 filios
943 1589 989 1624 et
1012 1577 1128 1623 filias
1153 1576 1447 1622 auferebant.
1468 1576 1531 1622 Et
1549 1578 1614 1623 Sic
1632 1579 1696 1623 eis
1714 1578 1884 1641 passim
1909 1578 2018 1635 illu-

589 1657 753 1704 dentes
769 1693 780 1712 ,
821 1657 1118 1702 Francorum
1165 1654 1426 1701 adventum
1474 1655 1891 1718 praeoccupabant.
1938 1656 2020 1701 His

588 1734 783 1790 auditis,
814 1734 1068 1779 Christiani
1095 1750 1173 1779 eos
1196 1731 1570 1796 insequebantur
1596 1733 1686 1796 (2).
1714 1734 2022 1779 Intraverunt

591 1823 746 1858 autem
771 1822 947 1857 terram
965 1810 1240 1874 inaquosam
1262 1820 1308 1855 et
1329 1807 1708 1866 inhabitabilem,
1728 1809 1775 1855 in
1795 1828 1885 1874 qua
1902 1810 2022 1855 same

591 1899 638 1935 et
661 1889 734 1934 siti
761 1887 1058 1943 defecerunt,
1084 1902 1207 1949 pene
1235 1902 1383 1950 usque
1404 1885 1461 1931 ad
1485 1897 1710 1932 mortem.
1738 1886 1782 1931 Si
1805 1887 1927 1932 sorte
1952 1897 2022 1931 ta-

590 1986 704 2015 men
725 1968 1000 2013 immaturas
1019 1976 1200 2029 segetes
1227 1964 1537 2011 inveniebant
1553 2000 1564 2019 ‚
1592 1965 1741 2028 spicas
1762 1964 2020 2019 vellebant,

591 2058 638 2093 et
665 2047 885 2092 fricantes
915 2044 1229 2090 masticabant
1254 2054 1301 2089 et
1327 2042 1597 2107 glutiebant
1629 2044 1721 2106 (3).
1757 2043 1896 2089 Multi
1932 2041 2024 2090 ho-

594 2127 744 2172 mines
765 2124 829 2170 ibi
854 2123 1155 2179 defecerunt,
1181 2133 1226 2168 et
1251 2121 1519 2186 subjugales
1536 2158 1548 2179 ,
1573 2122 1809 2185 multique
1829 2121 2022 2185 gloriosi

642 2311 876 2356 (1)Finesse,
901 2322 1001 2351 rusc;
1026 2316 1104 2343 mot
1124 2312 1141 2343 ‘a
1164 2316 1241 2343 mot
1263 2325 1268 2342 z
1292 2315 1375 2343 Ιοιιι·
1393 2308 1602 2342 d’zzdresse.

645 2374 694 2418 (2)
725 2372 885 2406 L’armee
912 2370 1126 2405 cliretienue
1155 2382 1191 2404 se
1217 2370 1326 2404 remit
1354 2382 1399 2403 cn
1427 2368 1594 2410 marche,
1626 2368 1659 2402 le
1687 2367 1708 2403 5
1730 2367 1870 2413 juillet,
1904 2379 1968 2413 par
1991 2366 2023 2400 la

598 2421 718 2480 plaine
740 2431 784 2466 dc
806 2431 978 2477 Dorylee.

644 2492 694 2538 (3)
718 2492 832 2526 Nou-e
858 2499 989 2525 auteur
1007 2498 1106 2525 oinct
1127 2490 1311 2536 plusieurs
1331 2489 1599 2523 ci1·conslances
1623 2487 1938 2534 caracteristiques
1961 2487 2023 2521 des

597 2553 817 2587 souffrances
842 2558 879 2585 et
901 2550 946 2585 de
973 2551 1006 2585 la
1031 2551 1162 2586 disette
1189 2549 1294 2583 d'eau
1318 2549 1627 2596 qu'cprouverent
1650 2547 1701 2582 les
1724 2548 1857 2582 croises
1875 2547 1964 2581 dans
1983 2559 2022 2580 ce

600 2611 707 2656 trajet
721 2612 740 2643 a
755 2617 893 2643 trax-ers
907 2609 939 2643 la
958 2610 1109 2643 contree
1124 2608 1150 2642 si
1164 2608 1369 2653 justement
1384 2608 1554 2641 nominee
1568 2618 1633 2652 par
1648 2606 1700 2640 les
1716 2606 1862 2640 anciens
1882 2621 1887 2639 :
1907 2605 2024 2651 Plu-y-

600 2671 658 2718 gie
684 2669 825 2705 brulee.
859 2669 929 2703 Dcs
956 2669 1108 2702 semines
1137 2667 1398 2702 accouchaieut
1424 2674 1529 2701 avant
1565 2674 1701 2708 terme3
1728 2665 1904 2709 d'antres,
1934 2665 2022 2700 dans

598 2731 678 2765 lcur
696 2729 895 2775 desespoir,
918 2740 953 2762 sc
973 2728 1157 2762 ronlaient
1174 2734 1294 2762 tontes
1314 2739 1403 2761 nnes
1420 2739 1481 2761 sur
1501 2727 1533 2761 le
1551 2726 1667 2768 sable3
1686 2726 1736 2760 les
1752 2725 1901 2760 faucons
1918 2732 1955 2759 ct
1972 2724 2022 2759 les

597 2790 779 2837 e'perviers
798 2800 870 2836 que
887 2788 939 2822 les
961 2788 1148 2834 seigneurs
1177 2787 1319 2822 avaient
1340 2788 1525 2833 emportes
1548 2798 1593 2820 en
1616 2785 1729 2827 Asic,¹
1750 2784 1953 2830 expiraient
1976 2783 2020 2817 de

597 2850 670 2883 sois
684 2861 745 2883 sur
765 2849 797 2882 lc
814 2848 896 2882 bras
916 2847 961 2882 de
980 2847 1076 2882 leurs
1098 2847 1265 2885 mames,
1290 2854 1325 2881 ct
1341 2847 1391 2881 les
1410 2846 1560 2880 levrieis
1579 2848 1596 2879 a
1616 2845 1712 2878 leurs
1731 2844 1846 2890 pieds.
