2085 3455
544 296 623 335 ,544
912 293 1152 331 HISTORIA
1186 291 1587 330 ECCLESIASTICA.
1634 294 1806 341 [vr’itm.
1832 296 1947 344 1098]

546 382 875 446 Agulanorum
897 396 1086 444 quoque
1117 380 1201 423 tria
1235 377 1381 423 millia
1413 378 1480 423 illi
1512 376 1833 424 adhaerebant.
1861 379 1947 439 Qui

543 461 671 506 ferro
695 457 903 522 undique
924 457 1105 503 loricati
1132 467 1266 501 erant
1281 492 1292 511 ‚
1323 471 1406 501 nec
1428 456 1636 519 sagittas,
1665 472 1751 502 nec
1774 456 1952 502 lanceas

548 536 777 583 timebant
791 571 804 593 9
826 552 911 581 nec
925 545 1100 598 praeter
1115 532 1292 598 gladios
1311 551 1439 578 arma
1460 533 1506 578 in
1526 533 1702 579 bellum
1721 532 1950 579 ferebant.

545 615 680 660 Tales
701 614 911 678 tantique
926 612 1078 659 hostes
1092 610 1148 657 ad
1160 611 1360 656 Pontem
1379 610 1607 656 Ferreum
1625 621 1771 656 castra
1793 611 1952 656 metati

546 704 676 746 sunt,
702 703 748 738 et
782 691 1052 737 firmitatem
1092 688 1220 734 illam
1260 688 1507 734 confestim
1541 698 1952 751 expugnaverunt,

546 781 593 816 et
628 786 789 816 omnes
829 766 1059 829 extimplo
1103 764 1466 819 interfecerunt,
1506 775 1742 810 reservato
1782 764 1957 810 castelli

546 847 763 901 domino,
784 845 1040 907 ferreisque
1058 843 1257 888 vinculis
1279 842 1488 906 alligato,
1507 843 1585 906 qui
1605 843 1735 887 vivus
1754 853 1800 888 et
1818 841 1959 887 vine—

549 937 619 970 tus
641 925 857 969 inventus
877 932 962 976 est,
987 920 1113 966 bello
1131 929 1322 982 peracto
1341 919 1660 982 (1).Agareni
1680 937 1808 964 arma
1827 919 1960 964 vilis-

548 1003 661 1047 sima
687 1021 696 1046 z
730 1016 889 1046 ensem
915 998 1093 1045 scilicet
1127 996 1486 1060 rubiginosum,
1514 1007 1560 1041 et
1601 997 1883 1053 lanceolam,
1915 1008 1961 1042 et

549 1096 713 1124 arcum
747 1075 1092 1141 aspernabilem
1114 1073 1394 1139 quibusdam
1417 1073 1714 1137 pauperculis
1748 1073 1963 1137 diripue-

554 1167 690 1212 runt,
734 1165 781 1200 et
825 1152 1136 1200 Curbaranno
1184 1150 1238 1196 ad
1281 1151 1625 1214 improperium
1668 1149 1964 1197 Francorum

550 1251 658 1279 cum
678 1250 845 1296 magna
868 1231 1086 1277 irrisione
1105 1228 1409 1286 obtulerunt3
1432 1244 1538 1292 quae
1558 1228 1635 1273 ille
1655 1227 1964 1274 nihilominus

551 1329 659 1357 cum
683 1309 976 1356 cachinnosis
1003 1305 1451 1371 exprobrationibus
1486 1307 1533 1351 in
1559 1305 1851 1352 Corosanum
1873 1305 1965 1351 mi-
2019 1364 2023 1367 -

550 1390 634 1445 sit,
663 1399 710 1434 et
743 1388 873 1433 vanis
893 1384 1227 1451 jactationibus
1256 1401 1449 1431 vesanos
1476 1384 1695 1431 idolatras
1722 1385 1766 1431 in
1799 1378 1994 1431 Chris-'

558 1479 659 1513 tum
683 1466 873 1512 excivit.

616 1544 741 1589 Dum
779 1542 879 1588 haec
908 1551 1132 1605 aguntur,
1167 1539 1465 1585 Curbaranni
1503 1549 1654 1584 mater
1686 1539 1743 1585 de
1781 1538 1967 1584 civitate

554 1619 709 1683 Aleph
743 1618 801 1665 ad
833 1618 984 1664 filium
1013 1617 1226 1673 accessit,
1254 1628 1298 1662 et
1331 1616 1387 1662 de
1422 1615 1492 1661 his
1525 1633 1630 1679 quae
1667 1615 1969 1661 inchoaverat

554 1697 727 1743 acriter
765 1712 874 1742 eum
909 1693 1194 1758 redarguere
1227 1694 1403 1756 coepit,
1428 1693 1589 1756 eique,
1616 1691 1742 1756 quod
1780 1693 1969 1738 vincen-

551 1773 636 1821 dus
659 1785 775 1821 esset
799 1791 823 1818 a
850 1764 1152 1828 Christianis,
1175 1782 1221 1817 et
1244 1769 1409 1817 eodem
1435 1786 1587 1826 anno,
1617 1787 1713 1816 non
1741 1771 1787 1816 in
1809 1769 1937 1815 bello
1953 1805 1964 1825 ,

553 1863 710 1899 morte
752 1850 905 1897 subita
953 1850 1240 1905 moriturus,
1282 1848 1524 1894 manifeste
1570 1846 1807 1911 praedixit.
1850 1847 1969 1892 Erat

554 1931 680 1977 enim
701 1946 840 1976 senex
857 1965 868 1985 ‚
888 1939 1053 1991 utpote
1073 1926 1341 1973 centenaria
1357 1962 1366 1980 ,
1387 1937 1433 1972 et
1450 1927 1720 1972 futurorum
1738 1941 1963 1988 praesaga.

555 2005 820 2072 Colligebat
861 2006 1003 2052 etiam
1043 2005 1191 2050 multa
1232 2003 1289 2050 de
1322 2001 1759 2051 constellationibus
1798 2001 1969 2047 mulier

554 2084 804 2148 sortilega,
831 2093 877 2129 et
906 2082 1235 2146 geniculorum
1260 2081 1350 2143 (2),
1376 2080 1728 2143 multarumque
1755 2078 1969 2142 discipli-

604 2264 655 2308 (1)
679 2262 730 2297 Ce
755 2261 811 2296 fut
834 2260 866 2294 le
891 2260 913 2294 6
936 2261 1018 2306 juin
1038 2272 1109 2307 que
1134 2259 1279 2294 l'armee
1299 2259 1344 2293 de
1365 2259 1533 2306 Kerboga
1550 2259 1722 2305 s’einpara
1742 2258 1787 2293 de
1803 2270 1861 2293 ces
1878 2258 1972 2293 deux

559 2330 680 2365 tours;
702 2322 784 2369 puis
801 2320 869 2355 elle
888 2332 923 2354 se
942 2320 1145 2367 rapprocha
1165 2320 1210 2354 de
1230 2319 1261 2354 la
1281 2318 1382 2363 ville,
1403 2326 1439 2354 et
1459 2326 1555 2354 resta
1572 2318 1661 2353 dans
1676 2319 1862 2354 l’inaction
1880 2332 1972 2366 pen-

559 2382 647 2417 dant
666 2381 760 2416 deux
775 2381 892 2426 jours.

606 2442 655 2486 (2)
678 2441 729 2475 Ce
749 2447 825 2474 mot
848 2439 989 2485 signifie
1011 2440 1237 2484 generation.
1264 2439 1379 2474 Kotre
1403 2445 1534 2473 auteur
1557 2451 1575 2472 a
1599 2437 1707 2472 voulu
1731 2437 1810 2472 dire
1836 2450 1907 2485 que
1937 2437 1971 2472 la

562 2502 660 2535 mere
687 2500 731 2535 de
754 2499 923 2545 Kerboga
945 2499 1034 2534 etait
1054 2501 1175 2533 versec
1197 2499 1286 2533 dans
1309 2498 1359 2533 les
1379 2511 1572 2544 croyances
1595 2498 1887 2545 superstitieuses
1910 2497 1973 2532 des

563 2561 786 2608 gnostiqueS.
811 2559 840 2593 Il
858 2566 911 2594 est
928 2571 1021 2593 assez
1040 2559 1179 2593 bizarre
1197 2558 1242 2593 de
1264 2558 1314 2592 lui
1336 2559 1426 2592 faire
1450 2558 1595 2592 habitor
1617 2557 1727 2604 Alep,
1753 2557 1877 2604 quand
1907 2569 1971 2591 son

564 2619 617 2653 fils
638 2619 726 2653 etait
748 2618 874 2664 prince
895 2617 938 2651 de
964 2616 1137 2652 Mossoul.
1160 2618 1260 2652 Nous
1280 2616 1415 2651 devous
1435 2616 1549 2650 savoir
1571 2617 1634 2661 gre
1653 2617 1671 2649 a
1693 2615 1850 2651 Orderic
1870 2614 1970 2650 Vital

563 2677 608 2711 de
634 2688 725 2711 nous
749 2677 847 2710 avoir
871 2676 936 2710 fait
959 2676 1063 2722 grace
1087 2675 1137 2710 du
1161 2675 1247 2721 long
1274 2674 1462 2720 dialoguc,
1491 2673 1596 2708 sseuri
1614 2673 1658 2708 de
1681 2674 1848 2708 citatious
1869 2672 1913 2706 de
1939 2672 1971 2706 la

562 2736 685 2780 Bible,
711 2747 781 2783 que
805 2735 837 2769 la
864 2735 1009 2782 plupart
1029 2735 1091 2770 des
1112 2736 1309 2770 historiens
1332 2741 1485 2769 metunt
1508 2734 1596 2768 (lans
1620 2734 1651 2767 la
1674 2733 1817 2768 bouche
1845 2732 1889 2767 de
1915 2745 1971 2767 ces

561 2795 657 2829 deux
675 2805 927 2841 personnages
