<?xml version="1.0" encoding="UTF-8"?>
<!DOCTYPE html PUBLIC "-//W3C//DTD XHTML 1.0 Transitional//EN"
    "http://www.w3.org/TR/xhtml1/DTD/xhtml1-transitional.dtd">
<html xmlns="http://www.w3.org/1999/xhtml" xml:lang="en" lang="en">
 <head>
  <title>
</title>
<meta http-equiv="Content-Type" content="text/html;charset=utf-8" />
  <meta name='ocr-system' content='tesseract 3.04.00' />
  <meta name='ocr-capabilities' content='ocr_page ocr_carea ocr_par ocr_line ocrx_word'/>
</head>
<body>
  <div class='ocr_page' id='page_1' title='image "./ordericivitalish03ordeuoft/ordericivitalish03ordeuoft_0366.png"; bbox 0 0 2085 3455; ppageno 0'>
   <div class='ocr_carea' id='block_1_1' title="bbox 607 289 2020 345">
    <p class='ocr_par' dir='ltr' id='par_1_1' title="bbox 607 289 2020 345">
     <span class='ocr_line' id='line_1_1' title="bbox 607 289 2020 345; baseline 0.001 -15"><span class='ocrx_word' id='word_1_1' title='bbox 607 293 686 330; x_wconf 70' lang='lat'>290</span> <span class='ocrx_word' id='word_1_2' title='bbox 975 289 1217 328; x_wconf 65' lang='lat' dir='ltr'>HISTORIA</span> <span class='ocrx_word' id='word_1_3' title='bbox 1249 290 1650 328; x_wconf 59' lang='lat' dir='ltr'>Ecetiss&#39;ms&#39;sch,</span> <span class='ocrx_word' id='word_1_4' title='bbox 1882 295 2020 345; x_wconf 81' lang='lat'><em>[1088]</em></span> 
     </span>
    </p>
   </div>
   <div class='ocr_carea' id='block_1_2' title="bbox 599 376 2026 2306">
    <p class='ocr_par' dir='ltr' id='par_1_2' title="bbox 599 376 2026 2306">
     <span class='ocr_line' id='line_1_2' title="bbox 605 376 2023 441; baseline 0.001 -16"><span class='ocrx_word' id='word_1_5' title='bbox 605 379 770 426; x_wconf 84' lang='lat' dir='ltr'>bertus</span> <span class='ocrx_word' id='word_1_6' title='bbox 792 376 888 424; x_wconf 79' lang='lat' dir='ltr'>dux</span> <span class='ocrx_word' id='word_1_7' title='bbox 912 378 1093 424; x_wconf 86' lang='lat' dir='ltr'>nullam</span> <span class='ocrx_word' id='word_1_8' title='bbox 1117 396 1258 441; x_wconf 84' lang='lat' dir='ltr'>super</span> <span class='ocrx_word' id='word_1_9' title='bbox 1278 378 1598 424; x_wconf 76' lang='lat' dir='ltr'>malefactores</span> <span class='ocrx_word' id='word_1_10' title='bbox 1622 378 1871 425; x_wconf 85' lang='lat' dir='ltr'>exercebat</span> <span class='ocrx_word' id='word_1_11' title='bbox 1892 378 2023 426; x_wconf 80' lang='lat' dir='ltr'>disci-</span> 
     </span>
     <span class='ocr_line' id='line_1_3' title="bbox 605 455 2024 521; baseline 0 -19"><span class='ocrx_word' id='word_1_12' title='bbox 605 457 811 521; x_wconf 88' lang='lat' dir='ltr'>plinam,</span> <span class='ocrx_word' id='word_1_13' title='bbox 840 466 885 502; x_wconf 86' lang='lat' dir='ltr'>et</span> <span class='ocrx_word' id='word_1_14' title='bbox 909 466 1196 520; x_wconf 72' lang='lat' dir='ltr'>grassatores</span> <span class='ocrx_word' id='word_1_15' title='bbox 1220 473 1305 517; x_wconf 81' lang='lat' dir='ltr'>per</span> <span class='ocrx_word' id='word_1_16' title='bbox 1329 467 1438 501; x_wconf 85' lang='lat' dir='ltr'>octo</span> <span class='ocrx_word' id='word_1_17' title='bbox 1461 472 1611 501; x_wconf 86' lang='lat' dir='ltr'>annos</span> <span class='ocrx_word' id='word_1_18' title='bbox 1629 455 1715 500; x_wconf 82' lang='lat' dir='ltr'>sub</span> <span class='ocrx_word' id='word_1_19' title='bbox 1739 456 1871 502; x_wconf 88' lang='lat' dir='ltr'>molli</span> <span class='ocrx_word' id='word_1_20' title='bbox 1899 457 2024 519; x_wconf 86' lang='lat' dir='ltr'>prin-</span> 
     </span>
     <span class='ocr_line' id='line_1_4' title="bbox 605 532 2018 599; baseline -0.001 -18"><span class='ocrx_word' id='word_1_21' title='bbox 605 536 706 599; x_wconf 84' lang='lat' dir='ltr'>cipe</span> <span class='ocrx_word' id='word_1_22' title='bbox 721 551 861 598; x_wconf 86' lang='lat' dir='ltr'>super</span> <span class='ocrx_word' id='word_1_23' title='bbox 883 533 1169 579; x_wconf 69' lang='lat' dir='ltr'>imbecillem</span> <span class='ocrx_word' id='word_1_24' title='bbox 1182 534 1411 596; x_wconf 81' lang='lat' dir='ltr'>populum</span> <span class='ocrx_word' id='word_1_25' title='bbox 1430 551 1562 579; x_wconf 86' lang='lat' dir='ltr'>suam</span> <span class='ocrx_word' id='word_1_26' title='bbox 1578 532 1819 597; x_wconf 70' lang='lat' dir='ltr'>agitabant</span> <span class='ocrx_word' id='word_1_27' title='bbox 1832 534 2018 580; x_wconf 77' lang='lat' dir='ltr'>surIam.</span> 
     </span>
     <span class='ocr_line' id='line_1_5' title="bbox 604 609 2025 676; baseline -0.001 -17"><span class='ocrx_word' id='word_1_28' title='bbox 604 614 884 676; x_wconf 81' lang='lat' dir='ltr'>Importune</span> <span class='ocrx_word' id='word_1_29' title='bbox 911 621 1119 655; x_wconf 77' lang='lat' dir='ltr'>sanctam</span> <span class='ocrx_word' id='word_1_30' title='bbox 1137 609 1400 656; x_wconf 76' lang='lat' dir='ltr'>Ecclesiam</span> <span class='ocrx_word' id='word_1_31' title='bbox 1423 611 1683 667; x_wconf 64' lang='lat' dir='ltr'>vexabant,</span> <span class='ocrx_word' id='word_1_32' title='bbox 1710 620 1756 656; x_wconf 91' lang='lat' dir='ltr'>et</span> <span class='ocrx_word' id='word_1_33' title='bbox 1780 611 2025 673; x_wconf 86' lang='lat' dir='ltr'>possessio-</span> 
     </span>
     <span class='ocr_line' id='line_1_6' title="bbox 603 686 2023 754; baseline -0.001 -17"><span class='ocrx_word' id='word_1_34' title='bbox 603 708 710 748; x_wconf 90' lang='lat' dir='ltr'>nes,</span> <span class='ocrx_word' id='word_1_35' title='bbox 738 707 852 754; x_wconf 85' lang='lat' dir='ltr'>quas</span> <span class='ocrx_word' id='word_1_36' title='bbox 871 699 1188 734; x_wconf 75' lang='lat' dir='ltr'>antecessores</span> <span class='ocrx_word' id='word_1_37' title='bbox 1214 687 1328 734; x_wconf 84' lang='lat' dir='ltr'>boni</span> <span class='ocrx_word' id='word_1_38' title='bbox 1355 686 1889 744; x_wconf 83' lang='lat' dir='ltr'>liberaliterdederant,</span> <span class='ocrx_word' id='word_1_39' title='bbox 1916 688 2023 735; x_wconf 85' lang='lat' dir='ltr'>vio-</span> 
     </span>
     <span class='ocr_line' id='line_1_7' title="bbox 604 765 2026 830; baseline -0.002 -15"><span class='ocrx_word' id='word_1_40' title='bbox 604 770 757 815; x_wconf 84' lang='lat' dir='ltr'>lenter</span> <span class='ocrx_word' id='word_1_41' title='bbox 777 765 1075 821; x_wconf 76' lang='lat' dir='ltr'>auferebant,</span> <span class='ocrx_word' id='word_1_42' title='bbox 1097 777 1176 811; x_wconf 78' lang='lat' dir='ltr'>aut</span> <span class='ocrx_word' id='word_1_43' title='bbox 1196 765 1516 812; x_wconf 76' lang='lat' dir='ltr'>devastabant.</span> <span class='ocrx_word' id='word_1_44' title='bbox 1539 766 1754 813; x_wconf 76' lang='lat' dir='ltr'>Desolata</span> <span class='ocrx_word' id='word_1_45' title='bbox 1773 765 2026 830; x_wconf 77' lang='lat' dir='ltr'>gemebant</span> 
     </span>
     <span class='ocr_line' id='line_1_8' title="bbox 603 842 2023 907; baseline -0.002 -15"><span class='ocrx_word' id='word_1_46' title='bbox 603 845 912 900; x_wconf 80' lang='lat' dir='ltr'>monasteria,</span> <span class='ocrx_word' id='word_1_47' title='bbox 941 855 987 890; x_wconf 89' lang='lat' dir='ltr'>et</span> <span class='ocrx_word' id='word_1_48' title='bbox 1013 843 1231 889; x_wconf 84' lang='lat' dir='ltr'>monachi</span> <span class='ocrx_word' id='word_1_49' title='bbox 1254 862 1305 889; x_wconf 86' lang='lat' dir='ltr'>ac</span> <span class='ocrx_word' id='word_1_50' title='bbox 1325 844 1703 890; x_wconf 77' lang='lat' dir='ltr'>sanctimoniales</span> <span class='ocrx_word' id='word_1_51' title='bbox 1724 842 1892 907; x_wconf 76' lang='lat' dir='ltr'>grandi</span> <span class='ocrx_word' id='word_1_52' title='bbox 1915 859 2023 907; x_wconf 69' lang='lat' dir='ltr'>pre—</span> 
     </span>
     <span class='ocr_line' id='line_1_9' title="bbox 603 921 2026 985; baseline -0.004 -15"><span class='ocrx_word' id='word_1_53' title='bbox 603 923 859 970; x_wconf 84' lang='lat' dir='ltr'>mebantur</span> <span class='ocrx_word' id='word_1_54' title='bbox 881 922 1079 985; x_wconf 77' lang='lat' dir='ltr'>penuria</span> <span class='ocrx_word' id='word_1_55' title='bbox 1108 922 1278 984; x_wconf 77' lang='lat' dir='ltr'>(1).In</span> <span class='ocrx_word' id='word_1_56' title='bbox 1306 932 1546 966; x_wconf 83' lang='lat' dir='ltr'>tantarum</span> <span class='ocrx_word' id='word_1_57' title='bbox 1569 921 1864 967; x_wconf 77' lang='lat' dir='ltr'>simultatum</span> <span class='ocrx_word' id='word_1_58' title='bbox 1887 921 2026 984; x_wconf 84' lang='lat' dir='ltr'>pesti-</span> 
     </span>
     <span class='ocr_line' id='line_1_10' title="bbox 604 999 2023 1058; baseline -0.002 -10"><span class='ocrx_word' id='word_1_59' title='bbox 604 1003 763 1058; x_wconf 85' lang='lat' dir='ltr'>lentia,</span> <span class='ocrx_word' id='word_1_60' title='bbox 780 1000 937 1046; x_wconf 91' lang='lat' dir='ltr'>nullus</span> <span class='ocrx_word' id='word_1_61' title='bbox 956 999 1106 1046; x_wconf 86' lang='lat' dir='ltr'>honos</span> <span class='ocrx_word' id='word_1_62' title='bbox 1123 1000 1221 1046; x_wconf 88' lang='lat' dir='ltr'>Deo</span> <span class='ocrx_word' id='word_1_63' title='bbox 1241 1000 1428 1046; x_wconf 82' lang='lat' dir='ltr'>sacratis</span> <span class='ocrx_word' id='word_1_64' title='bbox 1448 999 1778 1055; x_wconf 72' lang='lat' dir='ltr'>exhibebatur,</span> <span class='ocrx_word' id='word_1_65' title='bbox 1803 1016 1881 1045; x_wconf 85' lang='lat' dir='ltr'>seu</span> <span class='ocrx_word' id='word_1_66' title='bbox 1898 1015 2023 1045; x_wconf 81' lang='lat' dir='ltr'>reve-</span> 
     </span>
     <span class='ocr_line' id='line_1_11' title="bbox 602 1074 2020 1140; baseline -0.002 -16"><span class='ocrx_word' id='word_1_67' title='bbox 602 1078 773 1125; x_wconf 86' lang='lat' dir='ltr'>rentia.</span> <span class='ocrx_word' id='word_1_68' title='bbox 792 1075 1014 1136; x_wconf 76' lang='lat' dir='ltr'>Quotidie</span> <span class='ocrx_word' id='word_1_69' title='bbox 1034 1075 1211 1122; x_wconf 75' lang='lat' dir='ltr'>fiebant</span> <span class='ocrx_word' id='word_1_70' title='bbox 1231 1075 1464 1133; x_wconf 85' lang='lat' dir='ltr'>incendia,</span> <span class='ocrx_word' id='word_1_71' title='bbox 1490 1077 1670 1140; x_wconf 73' lang='lat' dir='ltr'>:rapinae</span> <span class='ocrx_word' id='word_1_72' title='bbox 1686 1087 1732 1122; x_wconf 88' lang='lat' dir='ltr'>et</span> <span class='ocrx_word' id='word_1_73' title='bbox 1746 1074 2020 1131; x_wconf 86' lang='lat' dir='ltr'>homicidia,</span> 
     </span>
     <span class='ocr_line' id='line_1_12' title="bbox 601 1152 2023 1218; baseline -0.002 -17"><span class='ocrx_word' id='word_1_74' title='bbox 601 1167 648 1202; x_wconf 90' lang='lat' dir='ltr'>et</span> <span class='ocrx_word' id='word_1_75' title='bbox 672 1153 862 1218; x_wconf 77' lang='lat' dir='ltr'>lugebat</span> <span class='ocrx_word' id='word_1_76' title='bbox 885 1152 1045 1217; x_wconf 80' lang='lat' dir='ltr'>plebs,</span> <span class='ocrx_word' id='word_1_77' title='bbox 1075 1154 1234 1199; x_wconf 84' lang='lat' dir='ltr'>nimiis</span> <span class='ocrx_word' id='word_1_78' title='bbox 1259 1153 1604 1199; x_wconf 78' lang='lat' dir='ltr'>calamitatibus</span> <span class='ocrx_word' id='word_1_79' title='bbox 1628 1154 1781 1199; x_wconf 80' lang='lat' dir='ltr'>anxia.</span> <span class='ocrx_word' id='word_1_80' title='bbox 1808 1152 1915 1198; x_wconf 87' lang='lat' dir='ltr'>Filii</span> <span class='ocrx_word' id='word_1_81' title='bbox 1941 1168 2023 1198; x_wconf 87' lang='lat' dir='ltr'>ne-</span> 
     </span>
     <span class='ocr_line' id='line_1_13' title="bbox 600 1231 2024 1299; baseline -0.002 -19"><span class='ocrx_word' id='word_1_82' title='bbox 600 1252 744 1299; x_wconf 86' lang='lat' dir='ltr'>quam</span> <span class='ocrx_word' id='word_1_83' title='bbox 776 1231 1085 1297; x_wconf 77' lang='lat' dir='ltr'>emergebant</span> <span class='ocrx_word' id='word_1_84' title='bbox 1127 1234 1176 1278; x_wconf 87' lang='lat' dir='ltr'>in</span> <span class='ocrx_word' id='word_1_85' title='bbox 1216 1232 1536 1290; x_wconf 80' lang='lat' dir='ltr'>Normannia,</span> <span class='ocrx_word' id='word_1_86' title='bbox 1581 1234 1663 1297; x_wconf 81' lang='lat' dir='ltr'>qui</span> <span class='ocrx_word' id='word_1_87' title='bbox 1695 1233 1883 1279; x_wconf 82' lang='lat' dir='ltr'>enormi</span> <span class='ocrx_word' id='word_1_88' title='bbox 1917 1249 2024 1278; x_wconf 81' lang='lat' dir='ltr'>eum</span> 
     </span>
     <span class='ocr_line' id='line_1_14' title="bbox 600 1309 2024 1374; baseline -0.002 -16"><span class='ocrx_word' id='word_1_89' title='bbox 600 1311 821 1358; x_wconf 81' lang='lat' dir='ltr'>aviditate</span> <span class='ocrx_word' id='word_1_90' title='bbox 843 1311 901 1358; x_wconf 86' lang='lat' dir='ltr'>ad</span> <span class='ocrx_word' id='word_1_91' title='bbox 925 1322 1094 1357; x_wconf 84' lang='lat' dir='ltr'>cuncta</span> <span class='ocrx_word' id='word_1_92' title='bbox 1123 1312 1336 1374; x_wconf 82' lang='lat' dir='ltr'>prompti</span> <span class='ocrx_word' id='word_1_93' title='bbox 1362 1321 1499 1356; x_wconf 86' lang='lat' dir='ltr'>erant</span> <span class='ocrx_word' id='word_1_94' title='bbox 1523 1310 1756 1367; x_wconf 75' lang='lat' dir='ltr'>facinora,</span> <span class='ocrx_word' id='word_1_95' title='bbox 1783 1321 1831 1356; x_wconf 88' lang='lat' dir='ltr'>et</span> <span class='ocrx_word' id='word_1_96' title='bbox 1852 1309 2024 1356; x_wconf 89' lang='lat' dir='ltr'>crude-</span> 
     </span>
     <span class='ocr_line' id='line_1_15' title="bbox 600 1388 2025 1453; baseline -0.001 -17"><span class='ocrx_word' id='word_1_97' title='bbox 600 1391 710 1436; x_wconf 86' lang='lat' dir='ltr'>liter</span> <span class='ocrx_word' id='word_1_98' title='bbox 724 1401 939 1436; x_wconf 86' lang='lat' dir='ltr'>materna</span> <span class='ocrx_word' id='word_1_99' title='bbox 959 1389 1334 1453; x_wconf 78' lang='lat' dir='ltr'>depascebantur</span> <span class='ocrx_word' id='word_1_100' title='bbox 1349 1389 1546 1436; x_wconf 64' lang='lat' dir='ltr'>viscera.</span> <span class='ocrx_word' id='word_1_101' title='bbox 1566 1390 1698 1435; x_wconf 88' lang='lat' dir='ltr'>Inter</span> <span class='ocrx_word' id='word_1_102' title='bbox 1716 1388 1818 1435; x_wconf 83' lang='lat' dir='ltr'>haec</span> <span class='ocrx_word' id='word_1_103' title='bbox 1833 1389 2025 1451; x_wconf 85' lang='lat' dir='ltr'>impune</span> 
     </span>
     <span class='ocr_line' id='line_1_16' title="bbox 599 1465 2023 1531; baseline -0.001 -18"><span class='ocrx_word' id='word_1_104' title='bbox 599 1466 887 1531; x_wconf 85' lang='lat' dir='ltr'>procedebat</span> <span class='ocrx_word' id='word_1_105' title='bbox 937 1466 1153 1530; x_wconf 84' lang='lat' dir='ltr'>petulans</span> <span class='ocrx_word' id='word_1_106' title='bbox 1204 1465 1425 1512; x_wconf 88' lang='lat' dir='ltr'>illecebra</span> <span class='ocrx_word' id='word_1_107' title='bbox 1441 1503 1453 1523; x_wconf 94' lang='lat'>,</span> <span class='ocrx_word' id='word_1_108' title='bbox 1509 1466 1676 1512; x_wconf 90' lang='lat' dir='ltr'>molles</span> <span class='ocrx_word' id='word_1_109' title='bbox 1728 1466 2023 1529; x_wconf 87' lang='lat' dir='ltr'>flammisque</span> 
     </span>
     <span class='ocr_line' id='line_1_17' title="bbox 601 1543 2025 1607; baseline -0.003 -15"><span class='ocrx_word' id='word_1_110' title='bbox 601 1544 880 1591; x_wconf 83' lang='lat' dir='ltr'>cremandos</span> <span class='ocrx_word' id='word_1_111' title='bbox 905 1545 1111 1607; x_wconf 82' lang='lat' dir='ltr'>turpiter</span> <span class='ocrx_word' id='word_1_112' title='bbox 1133 1543 1344 1590; x_wconf 76' lang='lat' dir='ltr'>foedabat</span> <span class='ocrx_word' id='word_1_113' title='bbox 1369 1544 1529 1590; x_wconf 78' lang='lat' dir='ltr'>Venus</span> <span class='ocrx_word' id='word_1_114' title='bbox 1550 1544 1844 1591; x_wconf 86' lang='lat' dir='ltr'>sodomitica.</span> <span class='ocrx_word' id='word_1_115' title='bbox 1875 1543 2025 1589; x_wconf 83' lang='lat' dir='ltr'>Mari-</span> 
     </span>
     <span class='ocr_line' id='line_1_18' title="bbox 601 1621 2023 1686; baseline -0.001 -17"><span class='ocrx_word' id='word_1_116' title='bbox 601 1623 746 1669; x_wconf 86' lang='lat' dir='ltr'>talem</span> <span class='ocrx_word' id='word_1_117' title='bbox 780 1622 974 1670; x_wconf 86' lang='lat' dir='ltr'>thorum</span> <span class='ocrx_word' id='word_1_118' title='bbox 1015 1621 1204 1685; x_wconf 88' lang='lat' dir='ltr'>publice</span> <span class='ocrx_word' id='word_1_119' title='bbox 1242 1622 1522 1686; x_wconf 85' lang='lat' dir='ltr'>polluebant</span> <span class='ocrx_word' id='word_1_120' title='bbox 1556 1622 1810 1677; x_wconf 83' lang='lat' dir='ltr'>adulteria,</span> <span class='ocrx_word' id='word_1_121' title='bbox 1839 1633 1885 1668; x_wconf 90' lang='lat' dir='ltr'>et</span> <span class='ocrx_word' id='word_1_122' title='bbox 1913 1639 2023 1686; x_wconf 79' lang='lat' dir='ltr'>erga</span> 
     </span>
     <span class='ocr_line' id='line_1_19' title="bbox 601 1699 2023 1765; baseline -0.001 -18"><span class='ocrx_word' id='word_1_123' title='bbox 601 1700 775 1747; x_wconf 78' lang='lat' dir='ltr'>divinae</span> <span class='ocrx_word' id='word_1_124' title='bbox 799 1701 914 1765; x_wconf 79' lang='lat' dir='ltr'>legis</span> <span class='ocrx_word' id='word_1_125' title='bbox 941 1700 1292 1747; x_wconf 73' lang='lat' dir='ltr'>observantiam</span> <span class='ocrx_word' id='word_1_126' title='bbox 1314 1700 1566 1763; x_wconf 83' lang='lat' dir='ltr'>multiplex</span> <span class='ocrx_word' id='word_1_127' title='bbox 1591 1699 1752 1746; x_wconf 84' lang='lat' dir='ltr'>aderat</span> <span class='ocrx_word' id='word_1_128' title='bbox 1774 1700 2023 1764; x_wconf 77' lang='lat' dir='ltr'>negligen-</span> 
     </span>
     <span class='ocr_line' id='line_1_20' title="bbox 600 1776 2026 1842; baseline -0.001 -18"><span class='ocrx_word' id='word_1_129' title='bbox 600 1779 682 1824; x_wconf 89' lang='lat' dir='ltr'>tia.</span> <span class='ocrx_word' id='word_1_130' title='bbox 714 1779 938 1842; x_wconf 85' lang='lat' dir='ltr'>Episcopi</span> <span class='ocrx_word' id='word_1_131' title='bbox 974 1795 1028 1824; x_wconf 76' lang='lat' dir='ltr'>ex</span> <span class='ocrx_word' id='word_1_132' title='bbox 1059 1778 1340 1824; x_wconf 82' lang='lat' dir='ltr'>auctoritate</span> <span class='ocrx_word' id='word_1_133' title='bbox 1372 1778 1455 1824; x_wconf 87' lang='lat' dir='ltr'>Dei</span> <span class='ocrx_word' id='word_1_134' title='bbox 1494 1779 1677 1841; x_wconf 75' lang='lat' dir='ltr'>exleges</span> <span class='ocrx_word' id='word_1_135' title='bbox 1711 1776 2026 1823; x_wconf 85' lang='lat' dir='ltr'>anathemati-</span> 
     </span>
     <span class='ocr_line' id='line_1_21' title="bbox 601 1853 2026 1919; baseline -0.001 -18"><span class='ocrx_word' id='word_1_136' title='bbox 601 1856 793 1914; x_wconf 85' lang='lat' dir='ltr'>zabant,</span> <span class='ocrx_word' id='word_1_137' title='bbox 822 1855 1031 1918; x_wconf 75' lang='lat' dir='ltr'>theologi</span> <span class='ocrx_word' id='word_1_138' title='bbox 1063 1855 1261 1919; x_wconf 82' lang='lat' dir='ltr'>prolatis</span> <span class='ocrx_word' id='word_1_139' title='bbox 1291 1854 1591 1901; x_wconf 84' lang='lat' dir='ltr'>sermonibus</span> <span class='ocrx_word' id='word_1_140' title='bbox 1614 1855 1695 1900; x_wconf 78' lang='lat' dir='ltr'>Dei</span> <span class='ocrx_word' id='word_1_141' title='bbox 1727 1871 1832 1901; x_wconf 86' lang='lat' dir='ltr'>reos</span> <span class='ocrx_word' id='word_1_142' title='bbox 1856 1853 2026 1900; x_wconf 81' lang='lat' dir='ltr'>admo-</span> 
     </span>
     <span class='ocr_line' id='line_1_22' title="bbox 602 1931 2025 1996; baseline -0.002 -16"><span class='ocrx_word' id='word_1_143' title='bbox 602 1933 798 1980; x_wconf 85' lang='lat' dir='ltr'>nebant.</span> <span class='ocrx_word' id='word_1_144' title='bbox 843 1934 933 1980; x_wconf 87' lang='lat' dir='ltr'>Sed</span> <span class='ocrx_word' id='word_1_145' title='bbox 975 1933 1045 1980; x_wconf 83' lang='lat' dir='ltr'>his</span> <span class='ocrx_word' id='word_1_146' title='bbox 1088 1932 1312 1980; x_wconf 86' lang='lat' dir='ltr'>omnibus</span> <span class='ocrx_word' id='word_1_147' title='bbox 1357 1944 1518 1980; x_wconf 86' lang='lat' dir='ltr'>tumor</span> <span class='ocrx_word' id='word_1_148' title='bbox 1555 1944 1602 1979; x_wconf 90' lang='lat' dir='ltr'>et</span> <span class='ocrx_word' id='word_1_149' title='bbox 1644 1931 1870 1996; x_wconf 84' lang='lat' dir='ltr'>cupiditas</span> <span class='ocrx_word' id='word_1_150' title='bbox 1919 1949 2025 1978; x_wconf 83' lang='lat' dir='ltr'>cum</span> 
     </span>
     <span class='ocr_line' id='line_1_23' title="bbox 600 2009 2026 2058; baseline -0.001 0"><span class='ocrx_word' id='word_1_151' title='bbox 600 2011 880 2058; x_wconf 83' lang='lat' dir='ltr'>satellitibus</span> <span class='ocrx_word' id='word_1_152' title='bbox 916 2011 1007 2057; x_wconf 86' lang='lat' dir='ltr'>suis</span> <span class='ocrx_word' id='word_1_153' title='bbox 1046 2010 1356 2058; x_wconf 83' lang='lat' dir='ltr'>immoderate</span> <span class='ocrx_word' id='word_1_154' title='bbox 1401 2010 1698 2057; x_wconf 83' lang='lat' dir='ltr'>resistebant.</span> <span class='ocrx_word' id='word_1_155' title='bbox 1746 2009 2026 2056; x_wconf 82' lang='lat' dir='ltr'>Adulterina</span> 
     </span>
     <span class='ocr_line' id='line_1_24' title="bbox 599 2086 2025 2151; baseline -0.001 -17"><span class='ocrx_word' id='word_1_156' title='bbox 599 2087 770 2151; x_wconf 87' lang='lat' dir='ltr'>passim</span> <span class='ocrx_word' id='word_1_157' title='bbox 803 2087 1066 2150; x_wconf 74' lang='lat' dir='ltr'>municipia</span> <span class='ocrx_word' id='word_1_158' title='bbox 1101 2087 1448 2143; x_wconf 82' lang='lat' dir='ltr'>condebantur,</span> <span class='ocrx_word' id='word_1_159' title='bbox 1485 2099 1530 2133; x_wconf 87' lang='lat' dir='ltr'>et</span> <span class='ocrx_word' id='word_1_160' title='bbox 1556 2086 1732 2133; x_wconf 86' lang='lat' dir='ltr'>ibidem</span> <span class='ocrx_word' id='word_1_161' title='bbox 1757 2087 1841 2132; x_wconf 89' lang='lat' dir='ltr'>filii</span> <span class='ocrx_word' id='word_1_162' title='bbox 1873 2087 2025 2132; x_wconf 87' lang='lat' dir='ltr'>latro-</span> 
     </span>
     <span class='ocr_line' id='line_1_25' title="bbox 602 2164 2026 2230; baseline -0.001 -18"><span class='ocrx_word' id='word_1_163' title='bbox 602 2184 734 2222; x_wconf 90' lang='lat' dir='ltr'>num,</span> <span class='ocrx_word' id='word_1_164' title='bbox 757 2183 841 2213; x_wconf 89' lang='lat' dir='ltr'>ceu</span> <span class='ocrx_word' id='word_1_165' title='bbox 862 2166 1004 2212; x_wconf 85' lang='lat' dir='ltr'>catuli</span> <span class='ocrx_word' id='word_1_166' title='bbox 1028 2166 1251 2230; x_wconf 85' lang='lat' dir='ltr'>luporum</span> <span class='ocrx_word' id='word_1_167' title='bbox 1272 2165 1328 2212; x_wconf 81' lang='lat' dir='ltr'>ad</span> <span class='ocrx_word' id='word_1_168' title='bbox 1348 2165 1670 2212; x_wconf 83' lang='lat' dir='ltr'>dilacerandas</span> <span class='ocrx_word' id='word_1_169' title='bbox 1689 2164 1920 2221; x_wconf 84' lang='lat' dir='ltr'>bidentes,</span> <span class='ocrx_word' id='word_1_170' title='bbox 1943 2183 2026 2211; x_wconf 90' lang='lat' dir='ltr'>nu-</span> 
     </span>
     <span class='ocr_line' id='line_1_26' title="bbox 603 2241 2024 2306; baseline -0.001 -18"><span class='ocrx_word' id='word_1_171' title='bbox 603 2242 889 2289; x_wconf 85' lang='lat' dir='ltr'>triebantur.</span> <span class='ocrx_word' id='word_1_172' title='bbox 917 2242 1194 2289; x_wconf 80' lang='lat' dir='ltr'>Occasiones</span> <span class='ocrx_word' id='word_1_173' title='bbox 1222 2242 1581 2289; x_wconf 82' lang='lat' dir='ltr'>inimicitiarum</span> <span class='ocrx_word' id='word_1_174' title='bbox 1604 2241 1663 2287; x_wconf 88' lang='lat' dir='ltr'>ab</span> <span class='ocrx_word' id='word_1_175' title='bbox 1691 2242 1863 2305; x_wconf 81' lang='lat' dir='ltr'>iniquis</span> <span class='ocrx_word' id='word_1_176' title='bbox 1886 2258 2024 2306; x_wconf 80' lang='lat' dir='ltr'>quae-</span> 
     </span>
    </p>
   </div>
   <div class='ocr_carea' id='block_1_3' title="bbox 601 2446 2024 2728">
    <p class='ocr_par' dir='ltr' id='par_1_3' title="bbox 601 2446 2024 2728">
     <span class='ocr_line' id='line_1_27' title="bbox 651 2446 2022 2494; baseline -0.001 -12"><span class='ocrx_word' id='word_1_177' title='bbox 651 2448 702 2494; x_wconf 87' lang='lat'>(1)</span> <span class='ocrx_word' id='word_1_178' title='bbox 728 2447 790 2482; x_wconf 90' lang='lat' dir='ltr'>On</span> <span class='ocrx_word' id='word_1_179' title='bbox 815 2454 904 2493; x_wconf 72' lang='lat' dir='ltr'>peut</span> <span class='ocrx_word' id='word_1_180' title='bbox 934 2459 970 2481; x_wconf 89' lang='lat' dir='ltr'>se</span> <span class='ocrx_word' id='word_1_181' title='bbox 992 2447 1083 2481; x_wconf 81' lang='lat' dir='ltr'>faire</span> <span class='ocrx_word' id='word_1_182' title='bbox 1115 2460 1187 2481; x_wconf 87' lang='lat' dir='ltr'>une</span> <span class='ocrx_word' id='word_1_183' title='bbox 1214 2448 1295 2482; x_wconf 73' lang='lat' dir='ltr'>idco</span> <span class='ocrx_word' id='word_1_184' title='bbox 1318 2447 1363 2482; x_wconf 85' lang='lat' dir='ltr'>de</span> <span class='ocrx_word' id='word_1_185' title='bbox 1390 2460 1447 2482; x_wconf 78' lang='lat' dir='ltr'>ces</span> <span class='ocrx_word' id='word_1_186' title='bbox 1474 2459 1619 2494; x_wconf 78' lang='lat' dir='ltr'>ravages</span> <span class='ocrx_word' id='word_1_187' title='bbox 1647 2460 1712 2494; x_wconf 87' lang='lat' dir='ltr'>par</span> <span class='ocrx_word' id='word_1_188' title='bbox 1736 2446 1768 2481; x_wconf 90' lang='lat' dir='ltr'>le</span> <span class='ocrx_word' id='word_1_189' title='bbox 1795 2448 1887 2481; x_wconf 85' lang='lat' dir='ltr'>recit</span> <span class='ocrx_word' id='word_1_190' title='bbox 1914 2447 2022 2494; x_wconf 87' lang='lat' dir='ltr'>qu’on</span> 
     </span>
     <span class='ocr_line' id='line_1_28' title="bbox 601 2506 2024 2554; baseline -0.001 -12"><span class='ocrx_word' id='word_1_191' title='bbox 601 2515 733 2542; x_wconf 78' lang='lat' dir='ltr'>trouve.</span> <span class='ocrx_word' id='word_1_192' title='bbox 753 2506 842 2540; x_wconf 81' lang='lat' dir='ltr'>dans</span> <span class='ocrx_word' id='word_1_193' title='bbox 862 2506 895 2540; x_wconf 91' lang='lat' dir='ltr'>le</span> <span class='ocrx_word' id='word_1_194' title='bbox 917 2506 1110 2541; x_wconf 77' lang='lat' dir='ltr'>cartulaire</span> <span class='ocrx_word' id='word_1_195' title='bbox 1130 2506 1174 2541; x_wconf 87' lang='lat' dir='ltr'>de</span> <span class='ocrx_word' id='word_1_196' title='bbox 1194 2506 1227 2541; x_wconf 86' lang='lat' dir='ltr'>la</span> <span class='ocrx_word' id='word_1_197' title='bbox 1250 2507 1543 2541; x_wconf 72' lang='lat' dir='ltr'>Saiulc-Trinitc</span> <span class='ocrx_word' id='word_1_198' title='bbox 1562 2506 1607 2541; x_wconf 82' lang='lat' dir='ltr'>de</span> <span class='ocrx_word' id='word_1_199' title='bbox 1628 2508 1726 2541; x_wconf 83' lang='lat' dir='ltr'>Caen</span> <span class='ocrx_word' id='word_1_200' title='bbox 1747 2506 2024 2554; x_wconf 74' lang='lat' dir='ltr'>(Bibliotheque</span> 
     </span>
     <span class='ocr_line' id='line_1_29' title="bbox 602 2564 2023 2613; baseline -0.001 -12"><span class='ocrx_word' id='word_1_201' title='bbox 602 2566 759 2613; x_wconf 80' lang='lat' dir='ltr'>Royale,</span> <span class='ocrx_word' id='word_1_202' title='bbox 788 2564 901 2611; x_wconf 75' lang='lat'>5650)</span> <span class='ocrx_word' id='word_1_203' title='bbox 928 2565 974 2600; x_wconf 84' lang='lat' dir='ltr'>de</span> <span class='ocrx_word' id='word_1_204' title='bbox 998 2578 1089 2600; x_wconf 77' lang='lat' dir='ltr'>ceux</span> <span class='ocrx_word' id='word_1_205' title='bbox 1113 2567 1239 2613; x_wconf 86' lang='lat' dir='ltr'>qu’eut</span> <span class='ocrx_word' id='word_1_206' title='bbox 1263 2569 1281 2600; x_wconf 72' lang='lat' dir='ltr'>a</span> <span class='ocrx_word' id='word_1_207' title='bbox 1305 2567 1450 2601; x_wconf 81' lang='lat' dir='ltr'>souffrir</span> <span class='ocrx_word' id='word_1_208' title='bbox 1474 2573 1568 2601; x_wconf 84' lang='lat' dir='ltr'>cette</span> <span class='ocrx_word' id='word_1_209' title='bbox 1590 2565 1726 2612; x_wconf 62' lang='lat' dir='ltr'>abbaye</span> <span class='ocrx_word' id='word_1_210' title='bbox 1748 2565 1793 2600; x_wconf 87' lang='lat' dir='ltr'>de</span> <span class='ocrx_word' id='word_1_211' title='bbox 1813 2566 1845 2600; x_wconf 86' lang='lat' dir='ltr'>la</span> <span class='ocrx_word' id='word_1_212' title='bbox 1864 2573 1945 2613; x_wconf 82' lang='lat' dir='ltr'>part</span> <span class='ocrx_word' id='word_1_213' title='bbox 1962 2566 2023 2600; x_wconf 87' lang='lat' dir='ltr'>des</span> 
     </span>
     <span class='ocr_line' id='line_1_30' title="bbox 601 2624 2021 2673; baseline -0.001 -12"><span class='ocrx_word' id='word_1_214' title='bbox 601 2626 737 2661; x_wconf 86' lang='lat' dir='ltr'>voisins</span> <span class='ocrx_word' id='word_1_215' title='bbox 764 2625 809 2659; x_wconf 85' lang='lat' dir='ltr'>dc</span> <span class='ocrx_word' id='word_1_216' title='bbox 835 2637 887 2659; x_wconf 81' lang='lat' dir='ltr'>ses</span> <span class='ocrx_word' id='word_1_217' title='bbox 913 2624 1115 2659; x_wconf 80' lang='lat' dir='ltr'>doinaincs.</span> <span class='ocrx_word' id='word_1_218' title='bbox 1144 2627 1208 2660; x_wconf 76' lang='lat' dir='ltr'>Les</span> <span class='ocrx_word' id='word_1_219' title='bbox 1235 2627 1316 2673; x_wconf 81' lang='lat' dir='ltr'>plus</span> <span class='ocrx_word' id='word_1_220' title='bbox 1341 2626 1474 2673; x_wconf 75' lang='lat' dir='ltr'>grands</span> <span class='ocrx_word' id='word_1_221' title='bbox 1501 2627 1689 2673; x_wconf 72' lang='lat' dir='ltr'>seigneurs</span> <span class='ocrx_word' id='word_1_222' title='bbox 1712 2626 1762 2660; x_wconf 87' lang='lat' dir='ltr'>du</span> <span class='ocrx_word' id='word_1_223' title='bbox 1787 2638 1893 2673; x_wconf 77' lang='lat' dir='ltr'>pays:</span> <span class='ocrx_word' id='word_1_224' title='bbox 1914 2626 2021 2661; x_wconf 89' lang='lat' dir='ltr'>Guil-</span> 
     </span>
     <span class='ocr_line' id='line_1_31' title="bbox 603 2676 2022 2728; baseline -0.001 -9"><span class='ocrx_word' id='word_1_225' title='bbox 603 2686 742 2727; x_wconf 77' lang='lat' dir='ltr'>laume,</span> <span class='ocrx_word' id='word_1_226' title='bbox 764 2690 884 2718; x_wconf 83' lang='lat' dir='ltr'>comte</span> <span class='ocrx_word' id='word_1_227' title='bbox 902 2676 1099 2725; x_wconf 60' lang='lat' dir='ltr'>d’Evrmm,</span> <span class='ocrx_word' id='word_1_228' title='bbox 1121 2684 1285 2719; x_wconf 73' lang='lat' dir='ltr'>Richard</span> <span class='ocrx_word' id='word_1_229' title='bbox 1302 2685 1346 2719; x_wconf 83' lang='lat' dir='ltr'>dc</span> <span class='ocrx_word' id='word_1_230' title='bbox 1364 2686 1497 2720; x_wconf 84' lang='lat' dir='ltr'>Courci</span> <span class='ocrx_word' id='word_1_231' title='bbox 1509 2713 1518 2727; x_wconf 82' lang='lat'>,</span> <span class='ocrx_word' id='word_1_232' title='bbox 1538 2685 1677 2719; x_wconf 78' lang='lat' dir='ltr'>Robert</span> <span class='ocrx_word' id='word_1_233' title='bbox 1690 2685 1842 2719; x_wconf 79' lang='lat' dir='ltr'>Bertrau</span> <span class='ocrx_word' id='word_1_234' title='bbox 1854 2713 1862 2728; x_wconf 94' lang='lat'>‚</span> <span class='ocrx_word' id='word_1_235' title='bbox 1885 2684 2022 2719; x_wconf 76' lang='lat' dir='ltr'>Robcrt</span> 
     </span>
    </p>
   </div>
   <div class='ocr_carea' id='block_1_4' title="bbox 603 2743 2077 2791">
    <p class='ocr_par' dir='ltr' id='par_1_4' title="bbox 603 2743 2077 2791">
     <span class='ocr_line' id='line_1_32' title="bbox 603 2743 2077 2791; baseline -0.001 -12"><span class='ocrx_word' id='word_1_236' title='bbox 603 2745 648 2779; x_wconf 80' lang='lat' dir='ltr'>de</span> <span class='ocrx_word' id='word_1_237' title='bbox 671 2744 858 2786; x_wconf 82' lang='lat' dir='ltr'>Monbrai,</span> <span class='ocrx_word' id='word_1_238' title='bbox 880 2750 916 2777; x_wconf 72' lang='lat' dir='ltr'>ct</span> <span class='ocrx_word' id='word_1_239' title='bbox 931 2743 1103 2791; x_wconf 78' lang='lat' dir='ltr'>jusqn&#39;an</span> <span class='ocrx_word' id='word_1_240' title='bbox 1121 2745 1246 2791; x_wconf 79' lang='lat' dir='ltr'>princc</span> <span class='ocrx_word' id='word_1_241' title='bbox 1268 2746 1382 2780; x_wconf 79' lang='lat' dir='ltr'>llenri</span> <span class='ocrx_word' id='word_1_242' title='bbox 1402 2744 1612 2785; x_wconf 58' lang='lat' dir='ltr'>lui-infinie,</span> <span class='ocrx_word' id='word_1_243' title='bbox 1637 2744 1813 2778; x_wconf 79' lang='lat' dir='ltr'>n⁷avaient</span> <span class='ocrx_word' id='word_1_244' title='bbox 1830 2755 1891 2791; x_wconf 77' lang='lat' dir='ltr'>pas</span> <span class='ocrx_word' id='word_1_245' title='bbox 1911 2744 2020 2777; x_wconf 76' lang='lat' dir='ltr'>liontc</span> <span class='ocrx_word' id='word_1_246' title='bbox 2074 2770 2077 2781; x_wconf 74' lang='grc'>,</span> 
     </span>
    </p>
   </div>
   <div class='ocr_carea' id='block_1_5' title="bbox 603 2804 1315 2852">
    <p class='ocr_par' dir='ltr' id='par_1_5' title="bbox 603 2804 1315 2852">
     <span class='ocr_line' id='line_1_33' title="bbox 603 2804 1315 2852; baseline -0.003 -12"><span class='ocrx_word' id='word_1_247' title='bbox 603 2806 648 2840; x_wconf 79' lang='lat' dir='ltr'>dc</span> <span class='ocrx_word' id='word_1_248' title='bbox 670 2804 828 2852; x_wconf 71' lang='lat' dir='ltr'>prendre</span> <span class='ocrx_word' id='word_1_249' title='bbox 848 2811 926 2850; x_wconf 72' lang='lat' dir='ltr'>part</span> <span class='ocrx_word' id='word_1_250' title='bbox 947 2807 964 2838; x_wconf 76' lang='grc' dir='ltr'>ἐι</span> <span class='ocrx_word' id='word_1_251' title='bbox 984 2817 1041 2838; x_wconf 70' lang='lat' dir='ltr'>crs</span> <span class='ocrx_word' id='word_1_252' title='bbox 1061 2805 1315 2839; x_wconf 69' lang='lat' dir='ltr'>‹l‹s=vastati‹›ns.</span> 
     </span>
    </p>
   </div>
  </div>
 </body>
</html>
