<?xml version="1.0" encoding="UTF-8"?>
<!DOCTYPE html PUBLIC "-//W3C//DTD XHTML 1.0 Transitional//EN"
    "http://www.w3.org/TR/xhtml1/DTD/xhtml1-transitional.dtd">
<html xmlns="http://www.w3.org/1999/xhtml" xml:lang="en" lang="en">
 <head>
  <title>
</title>
<meta http-equiv="Content-Type" content="text/html;charset=utf-8" />
  <meta name='ocr-system' content='tesseract 3.04.00' />
  <meta name='ocr-capabilities' content='ocr_page ocr_carea ocr_par ocr_line ocrx_word'/>
</head>
<body>
  <div class='ocr_page' id='page_1' title='image "./ordericivitalish03ordeuoft/ordericivitalish03ordeuoft_0600.png"; bbox 0 0 2085 3455; ppageno 0'>
   <div class='ocr_carea' id='block_1_1' title="bbox 612 325 2014 381">
    <p class='ocr_par' dir='ltr' id='par_1_1' title="bbox 612 325 2014 381">
     <span class='ocr_line' id='line_1_1' title="bbox 612 325 2014 381; baseline 0.004 -18"><span class='ocrx_word' id='word_1_1' title='bbox 612 327 691 364; x_wconf 78' lang='lat'><strong>480</strong></span> <span class='ocrx_word' id='word_1_2' title='bbox 978 326 1221 364; x_wconf 85' lang='lat' dir='ltr'><strong>HISTORIA</strong></span> <span class='ocrx_word' id='word_1_3' title='bbox 1252 325 1655 363; x_wconf 85' lang='lat' dir='ltr'>ECCLESIASTICA.</span> <span class='ocrx_word' id='word_1_4' title='bbox 1878 332 2014 381; x_wconf 81' lang='lat'>[1096]</span> 
     </span>
    </p>
   </div>
   <div class='ocr_carea' id='block_1_2' title="bbox 605 411 2019 1558">
    <p class='ocr_par' dir='ltr' id='par_1_2' title="bbox 605 411 2019 1558">
     <span class='ocr_line' id='line_1_2' title="bbox 609 411 2017 478; baseline 0.003 -20"><span class='ocrx_word' id='word_1_5' title='bbox 609 413 705 475; x_wconf 86' lang='lat' dir='ltr'><strong>ejus</strong></span> <span class='ocrx_word' id='word_1_6' title='bbox 727 412 960 475; x_wconf 79' lang='lat' dir='ltr'><strong>apparuit.</strong></span> <span class='ocrx_word' id='word_1_7' title='bbox 986 412 1092 458; x_wconf 85' lang='lat' dir='ltr'><strong>Dux</strong></span> <span class='ocrx_word' id='word_1_8' title='bbox 1109 423 1266 458; x_wconf 84' lang='lat' dir='ltr'><strong>autem</strong></span> <span class='ocrx_word' id='word_1_9' title='bbox 1282 423 1328 458; x_wconf 91' lang='lat' dir='ltr'><strong>et</strong></span> <span class='ocrx_word' id='word_1_10' title='bbox 1348 412 1590 475; x_wconf 85' lang='lat' dir='ltr'><strong>episcopus</strong></span> <span class='ocrx_word' id='word_1_11' title='bbox 1609 411 1757 468; x_wconf 85' lang='lat' dir='ltr'><strong>urbis,</strong></span> <span class='ocrx_word' id='word_1_12' title='bbox 1779 412 1867 459; x_wconf 85' lang='lat' dir='ltr'><strong>hoc</strong></span> <span class='ocrx_word' id='word_1_13' title='bbox 1886 415 2017 478; x_wconf 82' lang='lat' dir='ltr'><strong>signo</strong></span> 
     </span>
     <span class='ocr_line' id='line_1_3' title="bbox 609 488 2017 553; baseline 0.002 -18"><span class='ocrx_word' id='word_1_14' title='bbox 609 488 794 545; x_wconf 83' lang='lat' dir='ltr'><strong>audito,</strong></span> <span class='ocrx_word' id='word_1_15' title='bbox 827 490 950 535; x_wconf 71' lang='lat' dir='ltr'><strong>foras</strong></span> <span class='ocrx_word' id='word_1_16' title='bbox 985 490 1153 553; x_wconf 79' lang='lat' dir='ltr'><strong>egressi</strong></span> <span class='ocrx_word' id='word_1_17' title='bbox 1192 499 1327 545; x_wconf 86' lang='lat' dir='ltr'><strong>sunt,</strong></span> <span class='ocrx_word' id='word_1_18' title='bbox 1361 500 1408 534; x_wconf 91' lang='lat' dir='ltr'><strong>et</strong></span> <span class='ocrx_word' id='word_1_19' title='bbox 1443 488 1670 535; x_wconf 78' lang='lat' dir='ltr'><strong>Gualterii</strong></span> <span class='ocrx_word' id='word_1_20' title='bbox 1705 506 1876 552; x_wconf 87' lang='lat' dir='ltr'><strong>corpus</strong></span> <span class='ocrx_word' id='word_1_21' title='bbox 1913 508 2017 538; x_wconf 86' lang='lat' dir='ltr'><strong>cum</strong></span> 
     </span>
     <span class='ocr_line' id='line_1_4' title="bbox 608 564 2019 614; baseline 0.001 -2"><span class='ocrx_word' id='word_1_22' title='bbox 608 564 788 612; x_wconf 76' lang='lat' dir='ltr'><strong>civibus</strong></span> <span class='ocrx_word' id='word_1_23' title='bbox 837 566 1017 612; x_wconf 81' lang='lat' dir='ltr'><strong>cunctis</strong></span> <span class='ocrx_word' id='word_1_24' title='bbox 1070 576 1344 611; x_wconf 76' lang='lat' dir='ltr'><strong>reverenter</strong></span> <span class='ocrx_word' id='word_1_25' title='bbox 1400 565 1445 610; x_wconf 87' lang='lat' dir='ltr'><strong>in</strong></span> <span class='ocrx_word' id='word_1_26' title='bbox 1484 564 1653 610; x_wconf 78' lang='lat' dir='ltr'><strong>urbem</strong></span> <span class='ocrx_word' id='word_1_27' title='bbox 1690 566 2019 614; x_wconf 80' lang='lat' dir='ltr'><strong>transferentes</strong></span> 
     </span>
     <span class='ocr_line' id='line_1_5' title="bbox 607 642 2015 708; baseline 0.001 -18"><span class='ocrx_word' id='word_1_28' title='bbox 607 645 917 708; x_wconf 83' lang='lat' dir='ltr'><strong>sepelierunt,</strong></span> <span class='ocrx_word' id='word_1_29' title='bbox 952 643 1147 707; x_wconf 80' lang='lat' dir='ltr'><strong>aliisque</strong></span> <span class='ocrx_word' id='word_1_30' title='bbox 1183 644 1447 707; x_wconf 79' lang='lat' dir='ltr'><strong>peregrinis</strong></span> <span class='ocrx_word' id='word_1_31' title='bbox 1479 642 1657 688; x_wconf 83' lang='lat' dir='ltr'><strong>aditum</strong></span> <span class='ocrx_word' id='word_1_32' title='bbox 1691 643 1848 700; x_wconf 85' lang='lat' dir='ltr'><strong>urbis,</strong></span> <span class='ocrx_word' id='word_1_33' title='bbox 1875 661 2015 707; x_wconf 89' lang='lat' dir='ltr'><strong>quem</strong></span> 
     </span>
     <span class='ocr_line' id='line_1_6' title="bbox 607 720 1867 776; baseline -0.002 -8"><span class='ocrx_word' id='word_1_34' title='bbox 607 732 741 768; x_wconf 80' lang='lat' dir='ltr'><strong>antea</strong></span> <span class='ocrx_word' id='word_1_35' title='bbox 761 720 1130 776; x_wconf 83' lang='lat' dir='ltr'><strong>interdixerant,</strong></span> <span class='ocrx_word' id='word_1_36' title='bbox 1159 731 1205 766; x_wconf 91' lang='lat' dir='ltr'><strong>et</strong></span> <span class='ocrx_word' id='word_1_37' title='bbox 1227 731 1490 767; x_wconf 76' lang='lat' dir='ltr'><strong>mercatum</strong></span> <span class='ocrx_word' id='word_1_38' title='bbox 1519 732 1867 767; x_wconf 82' lang='lat' dir='ltr'><strong>concesserunt.</strong></span> 
     </span>
     <span class='ocr_line' id='line_1_7' title="bbox 671 797 2018 861; baseline 0 -16"><span class='ocrx_word' id='word_1_39' title='bbox 671 798 854 846; x_wconf 78' lang='lat' dir='ltr'><strong>Eodem</strong></span> <span class='ocrx_word' id='word_1_40' title='bbox 882 816 1009 844; x_wconf 82' lang='lat' dir='ltr'><strong>anno</strong></span> <span class='ocrx_word' id='word_1_41' title='bbox 1027 799 1165 861; x_wconf 80' lang='lat' dir='ltr'><strong>Hugo</strong></span> <span class='ocrx_word' id='word_1_42' title='bbox 1181 834 1193 854; x_wconf 89' lang='lat'><strong>,</strong></span> <span class='ocrx_word' id='word_1_43' title='bbox 1219 798 1414 861; x_wconf 90' lang='lat' dir='ltr'><strong>Crispeii</strong></span> <span class='ocrx_word' id='word_1_44' title='bbox 1445 815 1599 845; x_wconf 87' lang='lat' dir='ltr'><strong>comes</strong></span> <span class='ocrx_word' id='word_1_45' title='bbox 1625 799 1644 859; x_wconf 79' lang='lat'>(</span> <span class='ocrx_word' id='word_1_46' title='bbox 1654 800 1721 860; x_wconf 87' lang='lat'><strong>1),</strong></span> <span class='ocrx_word' id='word_1_47' title='bbox 1752 797 1950 845; x_wconf 80' lang='lat' dir='ltr'><strong>Radulso</strong></span> <span class='ocrx_word' id='word_1_48' title='bbox 1973 810 2018 845; x_wconf 91' lang='lat' dir='ltr'><strong>et</strong></span> 
     </span>
     <span class='ocr_line' id='line_1_8' title="bbox 607 874 2018 937; baseline 0 -16"><span class='ocrx_word' id='word_1_49' title='bbox 607 877 830 930; x_wconf 85' lang='lat' dir='ltr'><strong>Henrieo,</strong></span> <span class='ocrx_word' id='word_1_50' title='bbox 844 875 948 920; x_wconf 81' lang='lat' dir='ltr'><strong>filiis</strong></span> <span class='ocrx_word' id='word_1_51' title='bbox 968 875 1059 919; x_wconf 89' lang='lat' dir='ltr'><strong>suis</strong></span> <span class='ocrx_word' id='word_1_52' title='bbox 1075 874 1165 937; x_wconf 79' lang='lat'><strong>(2),</strong></span> <span class='ocrx_word' id='word_1_53' title='bbox 1183 885 1361 920; x_wconf 80' lang='lat' dir='ltr'><strong>terram</strong></span> <span class='ocrx_word' id='word_1_54' title='bbox 1378 893 1507 920; x_wconf 81' lang='lat' dir='ltr'><strong>suam</strong></span> <span class='ocrx_word' id='word_1_55' title='bbox 1523 876 1777 932; x_wconf 79' lang='lat' dir='ltr'><strong>commisit,</strong></span> <span class='ocrx_word' id='word_1_56' title='bbox 1790 886 1836 920; x_wconf 88' lang='lat' dir='ltr'><strong>et</strong></span> <span class='ocrx_word' id='word_1_57' title='bbox 1851 875 2018 922; x_wconf 80' lang='lat' dir='ltr'><strong>Ysabel</strong></span> 
     </span>
     <span class='ocr_line' id='line_1_9' title="bbox 607 950 2015 1014; baseline 0 -15"><span class='ocrx_word' id='word_1_58' title='bbox 607 954 763 999; x_wconf 75' lang='lat' dir='ltr'><strong>filiam·</strong></span> <span class='ocrx_word' id='word_1_59' title='bbox 787 970 916 998; x_wconf 80' lang='lat' dir='ltr'><strong>suam</strong></span> <span class='ocrx_word' id='word_1_60' title='bbox 945 953 1017 1014; x_wconf 72' lang='grc' dir='ltr'><strong>(ὅ)</strong></span> <span class='ocrx_word' id='word_1_61' title='bbox 1049 950 1294 998; x_wconf 80' lang='lat' dir='ltr'><strong>Rodberto</strong></span> <span class='ocrx_word' id='word_1_62' title='bbox 1329 951 1385 997; x_wconf 85' lang='lat' dir='ltr'><strong>de</strong></span> <span class='ocrx_word' id='word_1_63' title='bbox 1409 952 1636 999; x_wconf 81' lang='lat' dir='ltr'><strong>Mellento</strong></span> <span class='ocrx_word' id='word_1_64' title='bbox 1665 953 1826 999; x_wconf 84' lang='lat' dir='ltr'><strong>comiti</strong></span> <span class='ocrx_word' id='word_1_65' title='bbox 1863 952 2015 1011; x_wconf 86' lang='lat' dir='ltr'><strong>dedit,</strong></span> 
     </span>
     <span class='ocr_line' id='line_1_10' title="bbox 606 1028 2019 1093; baseline 0.001 -17"><span class='ocrx_word' id='word_1_66' title='bbox 606 1043 653 1077; x_wconf 86' lang='lat' dir='ltr'><strong>et</strong></span> <span class='ocrx_word' id='word_1_67' title='bbox 676 1046 876 1093; x_wconf 78' lang='lat' dir='ltr'><strong>peregre</strong></span> <span class='ocrx_word' id='word_1_68' title='bbox 897 1028 1222 1092; x_wconf 84' lang='lat' dir='ltr'><strong>proficiscens,</strong></span> <span class='ocrx_word' id='word_1_69' title='bbox 1246 1046 1404 1076; x_wconf 85' lang='lat' dir='ltr'><strong>secum</strong></span> <span class='ocrx_word' id='word_1_70' title='bbox 1430 1028 1590 1076; x_wconf 88' lang='lat' dir='ltr'><strong>nobile</strong></span> <span class='ocrx_word' id='word_1_71' title='bbox 1615 1047 1781 1093; x_wconf 76' lang='lat' dir='ltr'><strong>agmen</strong></span> <span class='ocrx_word' id='word_1_72' title='bbox 1808 1030 2019 1077; x_wconf 76' lang='lat' dir='ltr'><strong>Franco-</strong></span> 
     </span>
     <span class='ocr_line' id='line_1_11' title="bbox 606 1105 2015 1170; baseline 0 -17"><span class='ocrx_word' id='word_1_73' title='bbox 606 1126 714 1153; x_wconf 85' lang='lat' dir='ltr'><strong>rum</strong></span> <span class='ocrx_word' id='word_1_74' title='bbox 738 1106 948 1152; x_wconf 80' lang='lat' dir='ltr'><strong>adduxit.</strong></span> <span class='ocrx_word' id='word_1_75' title='bbox 974 1107 1109 1153; x_wconf 86' lang='lat' dir='ltr'><strong>Tunc</strong></span> <span class='ocrx_word' id='word_1_76' title='bbox 1130 1105 1411 1169; x_wconf 81' lang='lat' dir='ltr'><strong>Stephanus,</strong></span> <span class='ocrx_word' id='word_1_77' title='bbox 1433 1107 1719 1152; x_wconf 84' lang='lat' dir='ltr'><strong>Blesensinm</strong></span> <span class='ocrx_word' id='word_1_78' title='bbox 1744 1124 1898 1154; x_wconf 87' lang='lat' dir='ltr'><strong>comes</strong></span> <span class='ocrx_word' id='word_1_79' title='bbox 1918 1108 1988 1170; x_wconf 61' lang='lat'><strong>(4)</strong></span> <span class='ocrx_word' id='word_1_80' title='bbox 2003 1145 2015 1165; x_wconf 90' lang='lat'><strong>,</strong></span> 
     </span>
     <span class='ocr_line' id='line_1_12' title="bbox 607 1184 2019 1249; baseline 0.001 -18"><span class='ocrx_word' id='word_1_81' title='bbox 607 1186 728 1231; x_wconf 83' lang='lat' dir='ltr'><strong>filius</strong></span> <span class='ocrx_word' id='word_1_82' title='bbox 760 1184 1013 1238; x_wconf 81' lang='lat' dir='ltr'><strong>Tedbaldi,</strong></span> <span class='ocrx_word' id='word_1_83' title='bbox 1044 1185 1229 1231; x_wconf 80' lang='lat' dir='ltr'><strong>comitis</strong></span> <span class='ocrx_word' id='word_1_84' title='bbox 1253 1184 1580 1241; x_wconf 83' lang='lat' dir='ltr'><strong>Carnotensis,</strong></span> <span class='ocrx_word' id='word_1_85' title='bbox 1621 1186 1700 1249; x_wconf 86' lang='lat' dir='ltr'><strong>qui</strong></span> <span class='ocrx_word' id='word_1_86' title='bbox 1738 1202 1883 1248; x_wconf 79' lang='lat' dir='ltr'><strong>gener</strong></span> <span class='ocrx_word' id='word_1_87' title='bbox 1920 1197 2019 1232; x_wconf 83' lang='lat' dir='ltr'><strong>erat</strong></span> 
     </span>
     <span class='ocr_line' id='line_1_13' title="bbox 605 1260 2015 1325; baseline 0 -17"><span class='ocrx_word' id='word_1_88' title='bbox 605 1262 847 1308; x_wconf 82' lang='lat' dir='ltr'><strong>Guillelmi</strong></span> <span class='ocrx_word' id='word_1_89' title='bbox 862 1297 874 1317; x_wconf 92' lang='lat'><strong>,</strong></span> <span class='ocrx_word' id='word_1_90' title='bbox 904 1260 1175 1325; x_wconf 78' lang='lat' dir='ltr'><strong>Anglorum</strong></span> <span class='ocrx_word' id='word_1_91' title='bbox 1197 1261 1320 1325; x_wconf 79' lang='lat' dir='ltr'><strong>regis</strong></span> <span class='ocrx_word' id='word_1_92' title='bbox 1335 1298 1345 1317; x_wconf 93' lang='lat'><strong>,</strong></span> <span class='ocrx_word' id='word_1_93' title='bbox 1371 1279 1558 1307; x_wconf 83' lang='lat' dir='ltr'><strong>crucem</strong></span> <span class='ocrx_word' id='word_1_94' title='bbox 1578 1262 1770 1308; x_wconf 85' lang='lat' dir='ltr'><strong>Domini</strong></span> <span class='ocrx_word' id='word_1_95' title='bbox 1794 1263 2015 1324; x_wconf 87' lang='lat' dir='ltr'><strong>sumpsit,</strong></span> 
     </span>
     <span class='ocr_line' id='line_1_14' title="bbox 605 1339 2018 1403; baseline 0.001 -18"><span class='ocrx_word' id='word_1_96' title='bbox 605 1351 652 1385; x_wconf 92' lang='lat' dir='ltr'><strong>et</strong></span> <span class='ocrx_word' id='word_1_97' title='bbox 673 1356 873 1403; x_wconf 79' lang='lat' dir='ltr'><strong>peregre</strong></span> <span class='ocrx_word' id='word_1_98' title='bbox 895 1339 1122 1402; x_wconf 87' lang='lat' dir='ltr'><strong>perrexit..</strong></span> <span class='ocrx_word' id='word_1_99' title='bbox 1143 1339 1233 1384; x_wconf 84' lang='lat' dir='ltr'><strong>Alii</strong></span> <span class='ocrx_word' id='word_1_100' title='bbox 1253 1355 1444 1403; x_wconf 83' lang='lat' dir='ltr'><strong>quoque</strong></span> <span class='ocrx_word' id='word_1_101' title='bbox 1463 1340 1679 1396; x_wconf 79' lang='lat' dir='ltr'><strong>comites,</strong></span> <span class='ocrx_word' id='word_1_102' title='bbox 1699 1340 1884 1403; x_wconf 82' lang='lat' dir='ltr'><strong>virique</strong></span> <span class='ocrx_word' id='word_1_103' title='bbox 1904 1357 2018 1386; x_wconf 87' lang='lat' dir='ltr'><strong>con-</strong></span> 
     </span>
     <span class='ocr_line' id='line_1_15' title="bbox 605 1416 2019 1480; baseline 0 -16"><span class='ocrx_word' id='word_1_104' title='bbox 605 1419 778 1464; x_wconf 82' lang='lat' dir='ltr'><strong>sulares</strong></span> <span class='ocrx_word' id='word_1_105' title='bbox 792 1438 801 1462; x_wconf 90' lang='lat'>:</span> <span class='ocrx_word' id='word_1_106' title='bbox 814 1416 968 1464; x_wconf 82' lang='lat' dir='ltr'><strong>Guido</strong></span> <span class='ocrx_word' id='word_1_107' title='bbox 985 1417 1264 1471; x_wconf 88' lang='lat' dir='ltr'><strong>Trussellus,</strong></span> <span class='ocrx_word' id='word_1_108' title='bbox 1284 1434 1428 1480; x_wconf 90' lang='lat' dir='ltr'><strong>nepos</strong></span> <span class='ocrx_word' id='word_1_109' title='bbox 1444 1416 1692 1474; x_wconf 75' lang='lat' dir='ltr'><strong>Guidonis,</strong></span> <span class='ocrx_word' id='word_1_110' title='bbox 1718 1418 1902 1464; x_wconf 85' lang='lat' dir='ltr'><strong>comitis</strong></span> <span class='ocrx_word' id='word_1_111' title='bbox 1917 1419 2019 1465; x_wconf 80' lang='lat' dir='ltr'><strong>Cas-</strong></span> 
     </span>
     <span class='ocr_line' id='line_1_16' title="bbox 606 1494 2019 1558; baseline 0 -16"><span class='ocrx_word' id='word_1_112' title='bbox 606 1496 881 1542; x_wconf 86' lang='lat' dir='ltr'><strong>telli-Fortis</strong></span> <span class='ocrx_word' id='word_1_113' title='bbox 905 1495 1001 1556; x_wconf 81' lang='lat'><strong>(5),</strong></span> <span class='ocrx_word' id='word_1_114' title='bbox 1030 1513 1082 1540; x_wconf 80' lang='lat' dir='ltr'><strong>ae</strong></span> <span class='ocrx_word' id='word_1_115' title='bbox 1104 1495 1222 1541; x_wconf 83' lang='lat' dir='ltr'><strong>Milo</strong></span> <span class='ocrx_word' id='word_1_116' title='bbox 1246 1494 1302 1540; x_wconf 86' lang='lat' dir='ltr'><strong>de</strong></span> <span class='ocrx_word' id='word_1_117' title='bbox 1324 1495 1458 1540; x_wconf 76' lang='lat' dir='ltr'><strong>Braia</strong></span> <span class='ocrx_word' id='word_1_118' title='bbox 1486 1496 1585 1558; x_wconf 77' lang='lat'><strong>(6),</strong></span> <span class='ocrx_word' id='word_1_119' title='bbox 1615 1506 1661 1540; x_wconf 86' lang='lat' dir='ltr'><strong>et</strong></span> <span class='ocrx_word' id='word_1_120' title='bbox 1685 1496 1934 1542; x_wconf 88' lang='lat' dir='ltr'><strong>Centorius</strong></span> <span class='ocrx_word' id='word_1_121' title='bbox 1962 1495 2019 1542; x_wconf 85' lang='lat' dir='ltr'><strong>de</strong></span> 
     </span>
    </p>
   </div>
   <div class='ocr_carea' id='block_1_3' title="bbox 603 1666 2020 2897">
    <p class='ocr_par' dir='ltr' id='par_1_3' title="bbox 606 1666 2020 1893">
     <span class='ocr_line' id='line_1_17' title="bbox 608 1666 2020 1715; baseline 0.001 -12"><span class='ocrx_word' id='word_1_122' title='bbox 608 1670 697 1704; x_wconf 71' lang='lat' dir='ltr'><strong>retzit</strong></span> <span class='ocrx_word' id='word_1_123' title='bbox 723 1669 804 1715; x_wconf 88' lang='lat' dir='ltr'><strong>plus</strong></span> <span class='ocrx_word' id='word_1_124' title='bbox 827 1667 973 1702; x_wconf 75' lang='lat' dir='ltr'><strong>detaille</strong></span> <span class='ocrx_word' id='word_1_125' title='bbox 995 1667 1163 1701; x_wconf 80' lang='lat' dir='ltr'><strong>d’Albert</strong></span> <span class='ocrx_word' id='word_1_126' title='bbox 1186 1666 1291 1701; x_wconf 79' lang='lat' dir='ltr'><strong>d⁷Aix</strong></span> <span class='ocrx_word' id='word_1_127' title='bbox 1314 1674 1351 1701; x_wconf 87' lang='lat' dir='ltr'><strong>et</strong></span> <span class='ocrx_word' id='word_1_128' title='bbox 1374 1667 1436 1701; x_wconf 84' lang='lat' dir='ltr'><strong>des</strong></span> <span class='ocrx_word' id='word_1_129' title='bbox 1454 1675 1574 1702; x_wconf 83' lang='lat' dir='ltr'><strong>autres</strong></span> <span class='ocrx_word' id='word_1_130' title='bbox 1593 1668 1801 1703; x_wconf 82' lang='lat' dir='ltr'><strong>historiens.</strong></span> <span class='ocrx_word' id='word_1_131' title='bbox 1822 1689 1869 1696; x_wconf 89' lang='lat'>—</span> <span class='ocrx_word' id='word_1_132' title='bbox 1886 1670 1933 1704; x_wconf 87' lang='lat' dir='ltr'><strong>Le</strong></span> <span class='ocrx_word' id='word_1_133' title='bbox 1949 1671 2020 1704; x_wconf 88' lang='lat' dir='ltr'><strong>mi-</strong></span> 
     </span>
     <span class='ocr_line' id='line_1_18' title="bbox 609 1726 2019 1776; baseline 0 -13"><span class='ocrx_word' id='word_1_134' title='bbox 609 1729 701 1763; x_wconf 88' lang='lat' dir='ltr'><strong>racle</strong></span> <span class='ocrx_word' id='word_1_135' title='bbox 720 1727 812 1762; x_wconf 86' lang='lat' dir='ltr'><strong>dont</strong></span> <span class='ocrx_word' id='word_1_136' title='bbox 830 1726 928 1774; x_wconf 81' lang='lat' dir='ltr'><strong>parle</strong></span> <span class='ocrx_word' id='word_1_137' title='bbox 949 1734 1052 1760; x_wconf 86' lang='lat' dir='ltr'><strong>notre</strong></span> <span class='ocrx_word' id='word_1_138' title='bbox 1071 1734 1201 1760; x_wconf 82' lang='lat' dir='ltr'><strong>auteur</strong></span> <span class='ocrx_word' id='word_1_139' title='bbox 1221 1738 1257 1761; x_wconf 93' lang='lat' dir='ltr'><strong>se</strong></span> <span class='ocrx_word' id='word_1_140' title='bbox 1278 1727 1470 1761; x_wconf 81' lang='lat' dir='ltr'><strong>renouvela</strong></span> <span class='ocrx_word' id='word_1_141' title='bbox 1489 1728 1515 1761; x_wconf 92' lang='lat' dir='ltr'><strong>si</strong></span> <span class='ocrx_word' id='word_1_142' title='bbox 1536 1735 1702 1770; x_wconf 84' lang='lat' dir='ltr'><strong>souvent,</strong></span> <span class='ocrx_word' id='word_1_143' title='bbox 1725 1734 1761 1763; x_wconf 84' lang='lat' dir='ltr'><strong>et</strong></span> <span class='ocrx_word' id='word_1_144' title='bbox 1778 1741 1840 1763; x_wconf 91' lang='lat' dir='ltr'><strong>sur</strong></span> <span class='ocrx_word' id='word_1_145' title='bbox 1856 1729 1919 1763; x_wconf 85' lang='lat' dir='ltr'><strong>des</strong></span> <span class='ocrx_word' id='word_1_146' title='bbox 1936 1742 2019 1776; x_wconf 86' lang='lat' dir='ltr'><strong>per-</strong></span> 
     </span>
     <span class='ocr_line' id='line_1_19' title="bbox 607 1785 2019 1833; baseline 0.001 -12"><span class='ocrx_word' id='word_1_147' title='bbox 607 1798 783 1833; x_wconf 75' lang='lat' dir='ltr'><strong>sonnages</strong></span> <span class='ocrx_word' id='word_1_148' title='bbox 813 1787 840 1820; x_wconf 86' lang='lat' dir='ltr'><strong>si</strong></span> <span class='ocrx_word' id='word_1_149' title='bbox 877 1798 946 1832; x_wconf 82' lang='lat' dir='ltr'><strong>peu</strong></span> <span class='ocrx_word' id='word_1_150' title='bbox 978 1785 1313 1820; x_wconf 77' lang='lat' dir='ltr'><strong>recommandables</strong></span> <span class='ocrx_word' id='word_1_151' title='bbox 1329 1812 1338 1829; x_wconf 89' lang='lat'><strong>,</strong></span> <span class='ocrx_word' id='word_1_152' title='bbox 1372 1786 1460 1832; x_wconf 77' lang='lat' dir='ltr'><strong>qu&#39;il</strong></span> <span class='ocrx_word' id='word_1_153' title='bbox 1492 1787 1614 1821; x_wconf 82' lang='lat' dir='ltr'><strong>tomba</strong></span> <span class='ocrx_word' id='word_1_154' title='bbox 1646 1786 1734 1821; x_wconf 81' lang='lat' dir='ltr'><strong>(lans</strong></span> <span class='ocrx_word' id='word_1_155' title='bbox 1764 1801 1814 1822; x_wconf 92' lang='lat' dir='ltr'><strong>un</strong></span> <span class='ocrx_word' id='word_1_156' title='bbox 1845 1788 2019 1823; x_wconf 79' lang='lat' dir='ltr'><strong>discredit</strong></span> 
     </span>
     <span class='ocr_line' id='line_1_20' title="bbox 606 1846 778 1893; baseline -0.012 -11"><span class='ocrx_word' id='word_1_157' title='bbox 606 1846 778 1893; x_wconf 60' lang='lat' dir='ltr'><strong>completn</strong></span> 
     </span>
    </p>

    <p class='ocr_par' dir='ltr' id='par_1_4' title="bbox 605 1904 2018 2065">
     <span class='ocr_line' id='line_1_21' title="bbox 652 1904 2018 1952; baseline 0 -11"><span class='ocrx_word' id='word_1_158' title='bbox 652 1909 703 1950; x_wconf 89' lang='lat'><strong>(1)</strong></span> <span class='ocrx_word' id='word_1_159' title='bbox 729 1904 1093 1951; x_wconf 73' lang='lat' dir='ltr'><strong>Hugue-le-Grand,</strong></span> <span class='ocrx_word' id='word_1_160' title='bbox 1121 1905 1216 1939; x_wconf 71' lang='lat' dir='ltr'><strong>frere</strong></span> <span class='ocrx_word' id='word_1_161' title='bbox 1238 1904 1282 1939; x_wconf 89' lang='lat' dir='ltr'><strong>de</strong></span> <span class='ocrx_word' id='word_1_162' title='bbox 1307 1904 1477 1952; x_wconf 78' lang='lat' dir='ltr'><strong>philippe</strong></span> <span class='ocrx_word' id='word_1_163' title='bbox 1497 1906 1552 1948; x_wconf 78' lang='lat' dir='ltr'><strong>I‘¹&#39;,</strong></span> <span class='ocrx_word' id='word_1_164' title='bbox 1579 1908 1633 1940; x_wconf 86' lang='lat' dir='ltr'><strong>roi</strong></span> <span class='ocrx_word' id='word_1_165' title='bbox 1652 1906 1696 1940; x_wconf 89' lang='lat' dir='ltr'><strong>de</strong></span> <span class='ocrx_word' id='word_1_166' title='bbox 1718 1907 1872 1949; x_wconf 76' lang='lat' dir='ltr'><strong>Franee,</strong></span> <span class='ocrx_word' id='word_1_167' title='bbox 1895 1907 2018 1942; x_wconf 86' lang='lat' dir='ltr'><strong>devint</strong></span> 
     </span>
     <span class='ocr_line' id='line_1_22' title="bbox 605 1963 2014 2012; baseline -0.001 -11"><span class='ocrx_word' id='word_1_168' title='bbox 605 1972 724 2001; x_wconf 86' lang='lat' dir='ltr'><strong>comte</strong></span> <span class='ocrx_word' id='word_1_169' title='bbox 743 1964 787 1998; x_wconf 77' lang='lat' dir='ltr'><strong>de</strong></span> <span class='ocrx_word' id='word_1_170' title='bbox 807 1964 915 2010; x_wconf 84' lang='lat' dir='ltr'><strong>Cre&#39;pi</strong></span> <span class='ocrx_word' id='word_1_171' title='bbox 936 1971 971 1998; x_wconf 87' lang='lat' dir='ltr'><strong>et</strong></span> <span class='ocrx_word' id='word_1_172' title='bbox 991 1963 1035 1997; x_wconf 85' lang='lat' dir='ltr'><strong>de</strong></span> <span class='ocrx_word' id='word_1_173' title='bbox 1054 1963 1179 1998; x_wconf 81' lang='lat' dir='ltr'><strong>Valois</strong></span> <span class='ocrx_word' id='word_1_174' title='bbox 1195 1976 1259 2010; x_wconf 81' lang='lat' dir='ltr'><strong>par</strong></span> <span class='ocrx_word' id='word_1_175' title='bbox 1278 1975 1342 1998; x_wconf 88' lang='lat' dir='ltr'><strong>son</strong></span> <span class='ocrx_word' id='word_1_176' title='bbox 1363 1964 1523 2011; x_wconf 77' lang='lat' dir='ltr'><strong>mariage</strong></span> <span class='ocrx_word' id='word_1_177' title='bbox 1540 1967 1638 2006; x_wconf 79' lang='lat' dir='ltr'><strong>(vers</strong></span> <span class='ocrx_word' id='word_1_178' title='bbox 1658 1965 1766 2012; x_wconf 87' lang='lat'>1068)</span> <span class='ocrx_word' id='word_1_179' title='bbox 1785 1978 1868 2000; x_wconf 83' lang='lat' dir='ltr'><strong>avec</strong></span> <span class='ocrx_word' id='word_1_180' title='bbox 1883 1966 2014 2008; x_wconf 73' lang='lat' dir='ltr'><strong>Adele,</strong></span> 
     </span>
     <span class='ocr_line' id='line_1_23' title="bbox 607 2021 1487 2065; baseline -0.003 -7"><span class='ocrx_word' id='word_1_181' title='bbox 607 2024 676 2058; x_wconf 84' lang='lat' dir='ltr'><strong>[ille</strong></span> <span class='ocrx_word' id='word_1_182' title='bbox 696 2023 741 2057; x_wconf 88' lang='lat' dir='ltr'><strong>de</strong></span> <span class='ocrx_word' id='word_1_183' title='bbox 760 2021 922 2056; x_wconf 85' lang='lat' dir='ltr'><strong>Herbert</strong></span> <span class='ocrx_word' id='word_1_184' title='bbox 940 2022 1009 2065; x_wconf 79' lang='lat' dir='ltr'><strong>IV,</strong></span> <span class='ocrx_word' id='word_1_185' title='bbox 1031 2028 1150 2055; x_wconf 83' lang='lat' dir='ltr'><strong>comte</strong></span> <span class='ocrx_word' id='word_1_186' title='bbox 1167 2021 1211 2055; x_wconf 89' lang='lat' dir='ltr'><strong>de</strong></span> <span class='ocrx_word' id='word_1_187' title='bbox 1230 2022 1487 2057; x_wconf 54' lang='lat' dir='ltr'><strong>vermandois.</strong></span> 
     </span>
    </p>

    <p class='ocr_par' dir='ltr' id='par_1_5' title="bbox 608 2081 2014 2188">
     <span class='ocr_line' id='line_1_24' title="bbox 653 2081 2014 2129; baseline -0.001 -12"><span class='ocrx_word' id='word_1_188' title='bbox 653 2087 704 2127; x_wconf 79' lang='lat'><strong>(2)</strong></span> <span class='ocrx_word' id='word_1_189' title='bbox 732 2081 869 2122; x_wconf 67' lang='lat' dir='ltr'><strong>Hamil,</strong></span> <span class='ocrx_word' id='word_1_190' title='bbox 896 2081 1055 2127; x_wconf 84' lang='lat' dir='ltr'><strong>premier</strong></span> <span class='ocrx_word' id='word_1_191' title='bbox 1071 2081 1121 2114; x_wconf 85' lang='lat' dir='ltr'><strong>du</strong></span> <span class='ocrx_word' id='word_1_192' title='bbox 1147 2093 1250 2122; x_wconf 77' lang='lat' dir='ltr'><strong>noni,</strong></span> <span class='ocrx_word' id='word_1_193' title='bbox 1279 2088 1397 2115; x_wconf 85' lang='lat' dir='ltr'><strong>comte</strong></span> <span class='ocrx_word' id='word_1_194' title='bbox 1419 2081 1464 2115; x_wconf 84' lang='lat' dir='ltr'><strong>de</strong></span> <span class='ocrx_word' id='word_1_195' title='bbox 1490 2081 1733 2116; x_wconf 70' lang='lat' dir='ltr'><strong>Vei-niandois</strong></span> <span class='ocrx_word' id='word_1_196' title='bbox 1754 2084 1929 2129; x_wconf 70' lang='lat'>(1117-14</span> <span class='ocrx_word' id='word_1_197' title='bbox 1953 2094 2014 2116; x_wconf 91' lang='lat' dir='ltr'><strong>oc-</strong></span> 
     </span>
     <span class='ocr_line' id='line_1_25' title="bbox 608 2141 2012 2188; baseline -0.002 -9"><span class='ocrx_word' id='word_1_198' title='bbox 608 2146 709 2179; x_wconf 86' lang='lat' dir='ltr'><strong>tobre</strong></span> <span class='ocrx_word' id='word_1_199' title='bbox 732 2142 853 2186; x_wconf 82' lang='grc'><strong>1151).</strong></span> <span class='ocrx_word' id='word_1_200' title='bbox 874 2142 1010 2183; x_wconf 73' lang='lat' dir='ltr'><strong>Henri,</strong></span> <span class='ocrx_word' id='word_1_201' title='bbox 1032 2143 1202 2188; x_wconf 74' lang='lat' dir='ltr'><strong>seigneur</strong></span> <span class='ocrx_word' id='word_1_202' title='bbox 1220 2142 1264 2176; x_wconf 85' lang='lat' dir='ltr'><strong>de</strong></span> <span class='ocrx_word' id='word_1_203' title='bbox 1282 2142 1494 2176; x_wconf 78' lang='lat' dir='ltr'><strong>Chaumont</strong></span> <span class='ocrx_word' id='word_1_204' title='bbox 1509 2155 1554 2176; x_wconf 85' lang='lat' dir='ltr'><strong>en</strong></span> <span class='ocrx_word' id='word_1_205' title='bbox 1574 2143 1711 2183; x_wconf 77' lang='lat' dir='ltr'><strong>Vexin,</strong></span> <span class='ocrx_word' id='word_1_206' title='bbox 1732 2149 1829 2177; x_wconf 81' lang='lat' dir='ltr'><strong>mort</strong></span> <span class='ocrx_word' id='word_1_207' title='bbox 1847 2155 1893 2177; x_wconf 88' lang='lat' dir='ltr'><strong>en</strong></span> <span class='ocrx_word' id='word_1_208' title='bbox 1915 2141 2012 2176; x_wconf 79' lang='grc'><strong>1150.</strong></span> 
     </span>
    </p>

    <p class='ocr_par' dir='ltr' id='par_1_6' title="bbox 605 2196 2015 2486">
     <span class='ocr_line' id='line_1_26' title="bbox 651 2196 2011 2249; baseline -0.002 -10"><span class='ocrx_word' id='word_1_209' title='bbox 651 2204 701 2249; x_wconf 77' lang='lat'><strong>(5)</strong></span> <span class='ocrx_word' id='word_1_210' title='bbox 731 2196 916 2237; x_wconf 80' lang='lat' dir='ltr'><strong>Elisabeth</strong></span> <span class='ocrx_word' id='word_1_211' title='bbox 946 2214 992 2236; x_wconf 87' lang='lat' dir='ltr'><strong>ou</strong></span> <span class='ocrx_word' id='word_1_212' title='bbox 1023 2201 1190 2243; x_wconf 82' lang='lat' dir='ltr'><strong>[sabelle‚</strong></span> <span class='ocrx_word' id='word_1_213' title='bbox 1222 2202 1355 2236; x_wconf 79' lang='lat' dir='ltr'><strong>mariee.</strong></span> <span class='ocrx_word' id='word_1_214' title='bbox 1382 2206 1402 2236; x_wconf 69' lang='lat' dir='ltr'>a</span> <span class='ocrx_word' id='word_1_215' title='bbox 1431 2202 1589 2244; x_wconf 59' lang='lat' dir='ltr'><strong>Rom-t,</strong></span> <span class='ocrx_word' id='word_1_216' title='bbox 1621 2203 1805 2236; x_wconf 73' lang='lat' dir='ltr'><strong>troisieme</strong></span> <span class='ocrx_word' id='word_1_217' title='bbox 1831 2202 1882 2236; x_wconf 86' lang='lat' dir='ltr'><strong>du</strong></span> <span class='ocrx_word' id='word_1_218' title='bbox 1908 2214 2011 2243; x_wconf 78' lang='lat' dir='ltr'><strong>noni,</strong></span> 
     </span>
     <span class='ocr_line' id='line_1_27' title="bbox 606 2260 2014 2308; baseline -0.001 -10"><span class='ocrx_word' id='word_1_219' title='bbox 606 2270 724 2298; x_wconf 85' lang='lat' dir='ltr'><strong>cointe</strong></span> <span class='ocrx_word' id='word_1_220' title='bbox 741 2261 785 2295; x_wconf 89' lang='lat' dir='ltr'><strong>de</strong></span> <span class='ocrx_word' id='word_1_221' title='bbox 804 2260 965 2295; x_wconf 79' lang='lat' dir='ltr'><strong>Meulan.</strong></span> <span class='ocrx_word' id='word_1_222' title='bbox 983 2261 1088 2295; x_wconf 79' lang='lat' dir='ltr'><strong>Cette</strong></span> <span class='ocrx_word' id='word_1_223' title='bbox 1107 2262 1237 2303; x_wconf 77' lang='lat' dir='ltr'><strong>union,</strong></span> <span class='ocrx_word' id='word_1_224' title='bbox 1258 2261 1321 2308; x_wconf 87' lang='lat' dir='ltr'><strong>qui</strong></span> <span class='ocrx_word' id='word_1_225' title='bbox 1340 2261 1482 2295; x_wconf 78' lang='lat' dir='ltr'><strong>souflrit</strong></span> <span class='ocrx_word' id='word_1_226' title='bbox 1500 2261 1561 2295; x_wconf 84' lang='lat' dir='ltr'><strong>des</strong></span> <span class='ocrx_word' id='word_1_227' title='bbox 1582 2260 1789 2304; x_wconf 77' lang='lat' dir='ltr'><strong>difficultes‚</strong></span> <span class='ocrx_word' id='word_1_228' title='bbox 1811 2263 1830 2296; x_wconf 70' lang='grc' dir='ltr'><strong>ἐι</strong></span> <span class='ocrx_word' id='word_1_229' title='bbox 1847 2273 1951 2296; x_wconf 83' lang='lat' dir='ltr'><strong>cause</strong></span> <span class='ocrx_word' id='word_1_230' title='bbox 1970 2261 2014 2296; x_wconf 91' lang='lat' dir='ltr'><strong>de</strong></span> 
     </span>
     <span class='ocr_line' id='line_1_28' title="bbox 606 2321 2015 2370; baseline -0.001 -13"><span class='ocrx_word' id='word_1_231' title='bbox 606 2325 636 2357; x_wconf 79' lang='lat' dir='ltr'><strong>{a</strong></span> <span class='ocrx_word' id='word_1_232' title='bbox 664 2324 813 2370; x_wconf 74' lang='lat' dir='ltr'><strong>parente</strong></span> <span class='ocrx_word' id='word_1_233' title='bbox 838 2321 961 2367; x_wconf 74' lang='lat' dir='ltr'><strong>qu’Ive</strong></span> <span class='ocrx_word' id='word_1_234' title='bbox 985 2321 1029 2354; x_wconf 80' lang='lat' dir='ltr'><strong>de</strong></span> <span class='ocrx_word' id='word_1_235' title='bbox 1057 2321 1231 2355; x_wconf 73' lang='lat' dir='ltr'><strong>Chai-tres</strong></span> <span class='ocrx_word' id='word_1_236' title='bbox 1256 2322 1384 2356; x_wconf 80' lang='lat' dir='ltr'><strong>etablit</strong></span> <span class='ocrx_word' id='word_1_237' title='bbox 1404 2329 1507 2356; x_wconf 85' lang='lat' dir='ltr'><strong>entre</strong></span> <span class='ocrx_word' id='word_1_238' title='bbox 1535 2322 1585 2356; x_wconf 90' lang='lat' dir='ltr'><strong>les</strong></span> <span class='ocrx_word' id='word_1_239' title='bbox 1606 2322 1698 2356; x_wconf 82' lang='lat' dir='ltr'><strong>deux</strong></span> <span class='ocrx_word' id='word_1_240' title='bbox 1720 2322 1917 2367; x_wconf 85' lang='lat' dir='ltr'><strong>conjoints‚</strong></span> <span class='ocrx_word' id='word_1_241' title='bbox 1949 2322 2015 2356; x_wconf 86' lang='lat' dir='ltr'><strong>dut</strong></span> 
     </span>
     <span class='ocr_line' id='line_1_29' title="bbox 605 2380 2014 2427; baseline -0.001 -11"><span class='ocrx_word' id='word_1_242' title='bbox 605 2395 649 2417; x_wconf 87' lang='lat' dir='ltr'><strong>en</strong></span> <span class='ocrx_word' id='word_1_243' title='bbox 668 2381 751 2416; x_wconf 83' lang='lat' dir='ltr'><strong>effet</strong></span> <span class='ocrx_word' id='word_1_244' title='bbox 767 2381 844 2415; x_wconf 79' lang='lat' dir='ltr'><strong>etre</strong></span> <span class='ocrx_word' id='word_1_245' title='bbox 862 2380 1024 2414; x_wconf 77' lang='lat' dir='ltr'><strong>celehrec</strong></span> <span class='ocrx_word' id='word_1_246' title='bbox 1042 2392 1110 2424; x_wconf 72' lang='lat' dir='ltr'><strong>peu</strong></span> <span class='ocrx_word' id='word_1_247' title='bbox 1135 2380 1179 2414; x_wconf 88' lang='lat' dir='ltr'><strong>de</strong></span> <span class='ocrx_word' id='word_1_248' title='bbox 1198 2387 1314 2427; x_wconf 84' lang='lat' dir='ltr'><strong>temps</strong></span> <span class='ocrx_word' id='word_1_249' title='bbox 1334 2388 1440 2415; x_wconf 80' lang='lat' dir='ltr'><strong>avant</strong></span> <span class='ocrx_word' id='word_1_250' title='bbox 1458 2381 1490 2415; x_wconf 88' lang='lat' dir='ltr'><strong>le</strong></span> <span class='ocrx_word' id='word_1_251' title='bbox 1508 2380 1637 2427; x_wconf 73' lang='lat' dir='ltr'><strong>depart</strong></span> <span class='ocrx_word' id='word_1_252' title='bbox 1653 2381 1703 2415; x_wconf 87' lang='lat' dir='ltr'><strong>du</strong></span> <span class='ocrx_word' id='word_1_253' title='bbox 1723 2388 1841 2416; x_wconf 85' lang='lat' dir='ltr'><strong>comte</strong></span> <span class='ocrx_word' id='word_1_254' title='bbox 1859 2381 1904 2416; x_wconf 90' lang='lat' dir='ltr'><strong>de</strong></span> <span class='ocrx_word' id='word_1_255' title='bbox 1923 2381 2014 2417; x_wconf 87' lang='lat' dir='ltr'><strong>Ver-</strong></span> 
     </span>
     <span class='ocr_line' id='line_1_30' title="bbox 606 2440 1121 2486; baseline -0.004 -10"><span class='ocrx_word' id='word_1_256' title='bbox 606 2441 770 2476; x_wconf 82' lang='lat' dir='ltr'><strong>mandois</strong></span> <span class='ocrx_word' id='word_1_257' title='bbox 790 2452 884 2486; x_wconf 87' lang='lat' dir='ltr'><strong>pour</strong></span> <span class='ocrx_word' id='word_1_258' title='bbox 900 2440 931 2473; x_wconf 80' lang='lat' dir='ltr'><strong>la</strong></span> <span class='ocrx_word' id='word_1_259' title='bbox 950 2440 1121 2474; x_wconf 83' lang='lat' dir='ltr'><strong>croisade.</strong></span> 
     </span>
    </p>

    <p class='ocr_par' dir='ltr' id='par_1_7' title="bbox 648 2497 1677 2545">
     <span class='ocr_line' id='line_1_31' title="bbox 648 2497 1677 2545; baseline 0 -12"><span class='ocrx_word' id='word_1_260' title='bbox 648 2502 698 2545; x_wconf 60' lang='lat'><strong>(12)</strong></span> <span class='ocrx_word' id='word_1_261' title='bbox 719 2500 789 2533; x_wconf 82' lang='lat' dir='ltr'><strong>Sur</strong></span> <span class='ocrx_word' id='word_1_262' title='bbox 811 2511 849 2532; x_wconf 83' lang='lat' dir='ltr'><strong>ce</strong></span> <span class='ocrx_word' id='word_1_263' title='bbox 870 2499 1051 2544; x_wconf 73' lang='lat' dir='ltr'><strong>seigneur,</strong></span> <span class='ocrx_word' id='word_1_264' title='bbox 1075 2510 1180 2544; x_wconf 73' lang='lat' dir='ltr'><strong>voycz</strong></span> <span class='ocrx_word' id='word_1_265' title='bbox 1199 2498 1390 2540; x_wconf 80' lang='lat' dir='ltr'><strong>ci-dessus,</strong></span> <span class='ocrx_word' id='word_1_266' title='bbox 1413 2506 1439 2533; x_wconf 88' lang='lat' dir='ltr'><strong>t.</strong></span> <span class='ocrx_word' id='word_1_267' title='bbox 1459 2499 1513 2537; x_wconf 74' lang='lat' dir='ltr'><strong>It,</strong></span> <span class='ocrx_word' id='word_1_268' title='bbox 1536 2511 1571 2544; x_wconf 84' lang='lat' dir='ltr'><strong>p.</strong></span> <span class='ocrx_word' id='word_1_269' title='bbox 1592 2497 1677 2544; x_wconf 72' lang='lat'><strong>395.</strong></span> 
     </span>
    </p>

    <p class='ocr_par' dir='ltr' id='par_1_8' title="bbox 603 2555 2014 2829">
     <span class='ocr_line' id='line_1_32' title="bbox 651 2555 2014 2603; baseline -0.001 -11"><span class='ocrx_word' id='word_1_270' title='bbox 651 2558 699 2602; x_wconf 77' lang='lat'><strong>(5)</strong></span> <span class='ocrx_word' id='word_1_271' title='bbox 731 2558 807 2592; x_wconf 84' lang='lat' dir='ltr'><strong>Gui</strong></span> <span class='ocrx_word' id='word_1_272' title='bbox 822 2586 830 2601; x_wconf 76' lang='lat'><strong><em>⁷</em></strong></span> <span class='ocrx_word' id='word_1_273' title='bbox 865 2557 1054 2591; x_wconf 70' lang='lat' dir='ltr'><strong>deuxienie</strong></span> <span class='ocrx_word' id='word_1_274' title='bbox 1086 2557 1135 2591; x_wconf 82' lang='grc'><strong>(111</strong></span> <span class='ocrx_word' id='word_1_275' title='bbox 1166 2570 1251 2591; x_wconf 85' lang='lat' dir='ltr'><strong>nom</strong></span> <span class='ocrx_word' id='word_1_276' title='bbox 1266 2586 1275 2601; x_wconf 79' lang='lat'>‚</span> <span class='ocrx_word' id='word_1_277' title='bbox 1309 2560 1520 2592; x_wconf 69' lang='lat' dir='ltr'><strong>surnoxnme</strong></span> <span class='ocrx_word' id='word_1_278' title='bbox 1551 2557 1741 2599; x_wconf 77' lang='lat' dir='ltr'><strong>Troussel,</strong></span> <span class='ocrx_word' id='word_1_279' title='bbox 1776 2557 1944 2603; x_wconf 81' lang='lat' dir='ltr'><strong>seigneur</strong></span> <span class='ocrx_word' id='word_1_280' title='bbox 1970 2555 2014 2590; x_wconf 87' lang='lat' dir='ltr'><strong>de</strong></span> 
     </span>
     <span class='ocr_line' id='line_1_33' title="bbox 604 2615 2012 2665; baseline -0.003 -12"><span class='ocrx_word' id='word_1_281' title='bbox 604 2618 822 2660; x_wconf 78' lang='lat' dir='ltr'><strong>Montlheri,</strong></span> <span class='ocrx_word' id='word_1_282' title='bbox 849 2629 963 2651; x_wconf 72' lang='lat' dir='ltr'><strong>neven</strong></span> <span class='ocrx_word' id='word_1_283' title='bbox 987 2617 1030 2651; x_wconf 81' lang='lat' dir='ltr'><strong>de</strong></span> <span class='ocrx_word' id='word_1_284' title='bbox 1055 2617 1350 2665; x_wconf 78' lang='lat' dir='ltr'><strong>Gui-le-Rouge,</strong></span> <span class='ocrx_word' id='word_1_285' title='bbox 1377 2618 1547 2663; x_wconf 75' lang='lat' dir='ltr'><strong>seigneur</strong></span> <span class='ocrx_word' id='word_1_286' title='bbox 1570 2616 1615 2650; x_wconf 86' lang='lat' dir='ltr'><strong>de</strong></span> <span class='ocrx_word' id='word_1_287' title='bbox 1633 2615 2012 2650; x_wconf 74' lang='lat' dir='ltr'><strong>Rochesort-en-Yve-</strong></span> 
     </span>
     <span class='ocr_line' id='line_1_34' title="bbox 605 2673 2013 2720; baseline -0.003 -9"><span class='ocrx_word' id='word_1_288' title='bbox 605 2678 676 2712; x_wconf 84' lang='lat' dir='ltr'><strong>line</strong></span> <span class='ocrx_word' id='word_1_289' title='bbox 701 2683 737 2711; x_wconf 87' lang='lat' dir='ltr'><strong>et</strong></span> <span class='ocrx_word' id='word_1_290' title='bbox 762 2676 808 2710; x_wconf 88' lang='lat' dir='ltr'><strong>de</strong></span> <span class='ocrx_word' id='word_1_291' title='bbox 830 2676 1087 2720; x_wconf 62' lang='lat' dir='ltr'><strong>Chfiteausort,</strong></span> <span class='ocrx_word' id='word_1_292' title='bbox 1109 2676 1278 2710; x_wconf 78' lang='lat' dir='ltr'><strong>senechal</strong></span> <span class='ocrx_word' id='word_1_293' title='bbox 1298 2677 1343 2711; x_wconf 82' lang='lat' dir='ltr'><strong>de</strong></span> <span class='ocrx_word' id='word_1_294' title='bbox 1363 2677 1517 2717; x_wconf 73' lang='lat' dir='ltr'><strong>France,</strong></span> <span class='ocrx_word' id='word_1_295' title='bbox 1542 2676 1599 2709; x_wconf 83' lang='lat' dir='ltr'><strong>fut</strong></span> <span class='ocrx_word' id='word_1_296' title='bbox 1620 2675 1808 2709; x_wconf 74' lang='lat' dir='ltr'><strong>lui-meme</strong></span> <span class='ocrx_word' id='word_1_297' title='bbox 1829 2674 1952 2709; x_wconf 69' lang='lat' dir='ltr'><strong>revetu</strong></span> <span class='ocrx_word' id='word_1_298' title='bbox 1970 2673 2013 2707; x_wconf 90' lang='lat' dir='ltr'><strong>de</strong></span> 
     </span>
     <span class='ocr_line' id='line_1_35' title="bbox 603 2731 2012 2782; baseline -0.004 -12"><span class='ocrx_word' id='word_1_299' title='bbox 603 2743 697 2770; x_wconf 64' lang='lat' dir='ltr'><strong>cette</strong></span> <span class='ocrx_word' id='word_1_300' title='bbox 715 2735 867 2781; x_wconf 78' lang='lat' dir='ltr'><strong>charge,</strong></span> <span class='ocrx_word' id='word_1_301' title='bbox 894 2734 982 2780; x_wconf 67' lang='lat' dir='ltr'><strong>qu“il</strong></span> <span class='ocrx_word' id='word_1_302' title='bbox 1009 2735 1129 2781; x_wconf 79' lang='lat' dir='ltr'><strong>perdit</strong></span> <span class='ocrx_word' id='word_1_303' title='bbox 1147 2736 1250 2782; x_wconf 68' lang='lat' dir='ltr'><strong>apres</strong></span> <span class='ocrx_word' id='word_1_304' title='bbox 1270 2747 1305 2769; x_wconf 85' lang='lat' dir='ltr'><strong>sa</strong></span> <span class='ocrx_word' id='word_1_305' title='bbox 1328 2735 1505 2770; x_wconf 80' lang='lat' dir='ltr'><strong>hontcusc</strong></span> <span class='ocrx_word' id='word_1_306' title='bbox 1527 2734 1616 2768; x_wconf 81' lang='lat' dir='ltr'><strong>suite</strong></span> <span class='ocrx_word' id='word_1_307' title='bbox 1636 2733 1872 2775; x_wconf 77' lang='lat' dir='ltr'><strong>d’Antioclie,</strong></span> <span class='ocrx_word' id='word_1_308' title='bbox 1894 2739 1930 2767; x_wconf 85' lang='lat' dir='ltr'><strong>et</strong></span> <span class='ocrx_word' id='word_1_309' title='bbox 1950 2731 2012 2778; x_wconf 93' lang='lat' dir='ltr'><strong>qui</strong></span> 
     </span>
     <span class='ocr_line' id='line_1_36' title="bbox 604 2793 1102 2829; baseline 0 -2"><span class='ocrx_word' id='word_1_310' title='bbox 604 2796 657 2829; x_wconf 77' lang='lat' dir='ltr'><strong>sut</strong></span> <span class='ocrx_word' id='word_1_311' title='bbox 678 2795 848 2829; x_wconf 80' lang='lat' dir='ltr'><strong>restituec</strong></span> <span class='ocrx_word' id='word_1_312' title='bbox 866 2796 883 2827; x_wconf 73' lang='grc' dir='ltr'><strong>ἐι</strong></span> <span class='ocrx_word' id='word_1_313' title='bbox 904 2806 967 2827; x_wconf 88' lang='lat' dir='ltr'><strong>son</strong></span> <span class='ocrx_word' id='word_1_314' title='bbox 985 2793 1102 2827; x_wconf 72' lang='lat' dir='ltr'><strong>oncle.</strong></span> 
     </span>
    </p>

    <p class='ocr_par' dir='ltr' id='par_1_9' title="bbox 651 2851 2009 2897">
     <span class='ocr_line' id='line_1_37' title="bbox 651 2851 2009 2897; baseline -0.001 -12"><span class='ocrx_word' id='word_1_315' title='bbox 651 2854 699 2897; x_wconf 63' lang='lat'><strong>76)</strong></span> <span class='ocrx_word' id='word_1_316' title='bbox 722 2853 1059 2893; x_wconf 65' lang='lat' dir='ltr'><strong>Milon-te-mand,</strong></span> <span class='ocrx_word' id='word_1_317' title='bbox 1085 2866 1129 2888; x_wconf 62' lang='lat' dir='ltr'><strong>(iu</strong></span> <span class='ocrx_word' id='word_1_318' title='bbox 1156 2854 1276 2895; x_wconf 64' lang='lat' dir='ltr'><strong>Miles,</strong></span> <span class='ocrx_word' id='word_1_319' title='bbox 1304 2854 1470 2897; x_wconf 54' lang='lat' dir='ltr'><strong>seigneur</strong></span> <span class='ocrx_word' id='word_1_320' title='bbox 1496 2853 1538 2887; x_wconf 75' lang='lat' dir='ltr'><strong>«lc</strong></span> <span class='ocrx_word' id='word_1_321' title='bbox 1567 2853 1762 2888; x_wconf 53' lang='lat' dir='ltr'><strong>§tondheri</strong></span> <span class='ocrx_word' id='word_1_322' title='bbox 1789 2860 1820 2886; x_wconf 74' lang='lat' dir='ltr'><strong>ct</strong></span> <span class='ocrx_word' id='word_1_323' title='bbox 1848 2851 1889 2885; x_wconf 73' lang='lat' dir='ltr'><strong>(lc</strong></span> <span class='ocrx_word' id='word_1_324' title='bbox 1913 2852 2009 2886; x_wconf 76' lang='lat' dir='ltr'><strong>Brai-</strong></span> 
     </span>
    </p>
   </div>
  </div>
 </body>
</html>
