2033 3445
573 298 724 336 LIBER
753 297 961 335 SEXTUS.
1416 300 1462 337 31

63 399 226 435 mento
253 386 295 432 N
300 385 472 432 icolaus
485 420 498 441 ,
516 383 757 448 Rogerius-
778 394 824 429 et
843 382 962 429 Odo.
990 383 1048 427 Hi
1069 383 1261 429 suerunt
1281 382 1363 429 filii
1389 402 1466 430 cu-

54 464 237 530 jusdam
254 461 511 526 presbyteri
529 461 722 507 nomine
741 459 950 506 Gervasii
967 458 1024 505 de
1036 460 1359 506 Monasterolo
1374 464 1388 521 (
1401 480 1412 506 ι
1425 462 1462 523 ),

61 560 203 608 quem
217 539 532 586 Theodericus
554 538 695 584 abbas
703 536 981 602 jamdudum
997 535 1055 583 de
1071 537 1216 582 Sartis
1234 538 1306 600 (2)
1323 548 1466 584 trans-

65 621 170 667 tulit
193 619 249 665 ad
270 616 526 682 regendam
543 605 786 663 dioecesim
802 614 859 662 de
875 615 1029 678 Sappo
1053 615 1140 679 (ὅ).
1164 616 1280 661 Tres
1312 616 1466 680 itaque

62 697 273 763 praedicti
298 697 464 743 fratres
488 696 544 742 ad
569 695 926 742 conversionem
964 694 1012 740 in
1038 696 1286 758 juventute
1318 712 1467 742 vene—

62 785 201 831 runt,
229 785 276 820 et
297 772 434 820 bonis
467 773 679 820 moribus
711 772 835 818 inter
867 773 1035 817 fratres
1069 772 1301 835 pollentes
1322 809 1334 829 ,
1366 772 1466 818 Deo

61 853 181 917 grati
202 862 249 897 et
266 850 536 898 hominibus
557 849 703 896 habiti
725 861 851 896 sunt.
879 850 1065 895 Primus
1090 866 1258 896 eorum
1276 850 1468 895 illitera—

62 941 159 985 tus,
187 929 265 975 sed
282 927 486 975 fervidus
506 939 688 974 amator
713 927 901 973 virtutis
926 937 1024 973 erat
1038 946 1051 983 ;
1086 944 1316 991 novaeque
1347 926 1466 973 basi-

61 1008 162 1054 licae
178 1043 189 1062 ‚
216 1023 321 1071 quae
347 1005 731 1061 construebatur,
757 1005 889 1068 operi
911 1004 1110 1051 solerter
1128 1015 1347 1067 praeerat.
1375 1004 1465 1050 Alii

60 1083 153 1131 (luo
184 1094 319 1130 erant
341 1083 633 1147 grammatici
659 1093 706 1128 et
729 1081 990 1128 sacerdotes
1017 1082 1283 1144 conspicui,
1317 1081 1466 1126 abba-

64 1163 211 1226 tisque
235 1161 303 1206 sui
329 1160 562 1225 adjutores
591 1160 794 1215 strenui,
824 1171 870 1205 et
896 1160 1019 1205 intus
1044 1177 1094 1205 ac
1117 1159 1229 1205 soris
1266 1160 1467 1206 illustres

61 1239 240 1286 vicarii.
276 1239 500 1285 Praesatus
534 1238 661 1284 enim
695 1236 1064 1283 archimandrita
1095 1236 1336 1292 odonem,
1383 1239 1461 1302 qui

62 1327 197 1363 aetate
217 1316 399 1380 junior,
422 1314 499 1361 sed
523 1314 840 1379 eloquentior,
862 1325 908 1360 et
923 1313 979 1360 ad
1002 1314 1268 1360 tolerandos
1286 1314 1467 1361 labores

61 1404 161 1439 erat
184 1392 442 1450 robustior,
466 1393 674 1455 priorem
691 1391 962 1437 monasterii
987 1392 1056 1435 sui
1084 1392 1344 1436 constituit.
1366 1392 1466 1438 Ro-

62 1471 243 1534 gerium
260 1487 372 1516 vero
387 1506 398 1526 ,
425 1470 504 1533 qui
523 1479 660 1514 aetate
676 1479 722 1514 et
745 1467 1010 1514 eruditione
1029 1469 1292 1514 litterarum
1318 1470 1468 1532 major

61 1557 185 1602 erat,
224 1547 270 1592 in
295 1546 513 1609 Angliam
545 1562 633 1607 pro
668 1544 950 1591 utilitatibus
980 1545 1300 1592 ecclesiasticis
1319 1545 1466 1592 (lesti-

61 1624 206 1670 navit.
234 1625 334 1687 Ipse
366 1634 520 1669 autem
547 1622 669 1669 haud
695 1623 904 1687 segniter
928 1624 1049 1686 jussa
1082 1624 1293 1687 magistri
1331 1641 1466 1671 com—

59 1703 232 1766 plevit,
267 1712 312 1748 et
341 1719 549 1765 capsam,
590 1702 635 1746 in
667 1719 758 1766 qua
799 1701 1012 1765 reliquiae
1046 1702 1329 1748 Sanctorum
1361 1713 1466 1766 apte

60 1779 399 1836 conderentur,
427 1779 761 1842 procuratione
781 1796 859 1824 sua
888 1777 1156 1835 fabricavit,
1186 1797 1328 1844 quam
1351 1797 1467 1826 auro

60 1868 351 1922 argentoque
374 1857 574 1903 comiter
605 1857 813 1903 ornavit.
850 1857 1048 1903 Solertia
1077 1858 1234 1921 itaque
1266 1875 1344 1903 sua
1383 1875 1465 1904 ec-

61 1934 211 1981 clesiae
238 1951 332 1980 suae
356 1944 517 1980 nactus
550 1944 619 1980 est
651 1934 855 1997 plurima
890 1933 1015 1980 bona
1045 1936 1254 1980 :variam
1289 1935 1467 1981 scilicet

59 2012 396 2075 supellectilem
426 2022 472 2057 et
501 2022 748 2058 cantorum
775 2030 942 2075 cappas
977 2023 1116 2077 atque
1152 2023 1322 2069 vestes,
1355 2031 1466 2058 can-

59 2087 249 2135 delabra
272 2099 318 2134 et
337 2088 583 2153 argenteos
605 2090 768 2136 calices
782 2126 794 2147 ,
824 2089 1030 2154 aliosque
1057 2100 1278 2146 ornatus,
1304 2089 1467 2136 divino

61 2166 206 2212 cultui
239 2177 570 2231 congruentes.
608 2167 724 2213 Erat
754 2168 882 2214 enim
905 2168 1031 2213 mitis
1058 2179 1104 2214 et
1124 2167 1386 2225 modestus,
1418 2169 1463 2214 in

61 2242 168 2290 cibo
189 2254 235 2290 et
253 2254 370 2307 potu
390 2261 650 2309 somnoque
669 2244 876 2303 sobrius,
897 2256 943 2291 et
959 2262 1047 2308 pro
1066 2245 1230 2292 inolita
1247 2262 1466 2291 mausue-

61 2320 221 2367 tudine
258 2320 470 2367 amabilis
508 2321 745 2368 omnibus.
784 2323 873 2369 Per
910 2322 1090 2369 diversa
1136 2324 1281 2387 igitur
1317 2324 1464 2369 officia

62 2415 123 2444 xx
141 2398 293 2455 annis,
316 2409 369 2445 ut
387 2398 506 2445 ordo
525 2399 808 2446 monasticus
829 2399 991 2464 exigit,
1016 2401 1296 2446 exercitatus
1315 2411 1399 2456 est,
1420 2411 1466 2445 et

108 2618 156 2661 (ι)
176 2617 605 2665 Montrcuil-l’Argillicr.

107 2676 156 2722 (2)
175 2677 238 2710 Les
258 2678 632 2722 Essarts-en-Ouclie,
656 2692 848 2714 commune
870 2681 981 2726 petite
1001 2688 1037 2714 et
1055 2692 1205 2726 pam-rc,
1227 2679 1461 2725 aujourd'liui

63 2735 187 2770 reunie
207 2737 226 2770 ὁ
246 2737 467 2773 Verneuces.

112 2793 160 2838 (3)
180 2795 225 2828 Le
245 2794 325 2841 Sap.
