<?xml version="1.0" encoding="UTF-8"?>
<!DOCTYPE html PUBLIC "-//W3C//DTD XHTML 1.0 Transitional//EN"
    "http://www.w3.org/TR/xhtml1/DTD/xhtml1-transitional.dtd">
<html xmlns="http://www.w3.org/1999/xhtml" xml:lang="en" lang="en">
 <head>
  <title>
</title>
<meta http-equiv="Content-Type" content="text/html;charset=utf-8" />
  <meta name='ocr-system' content='tesseract 3.04.00' />
  <meta name='ocr-capabilities' content='ocr_page ocr_carea ocr_par ocr_line ocrx_word'/>
</head>
<body>
  <div class='ocr_page' id='page_1' title='image "./ordericivitalish03ordeuoft/ordericivitalish03ordeuoft_0494.png"; bbox 0 0 2085 3455; ppageno 0'>
   <div class='ocr_carea' id='block_1_1' title="bbox 608 320 2003 374">
    <p class='ocr_par' dir='ltr' id='par_1_1' title="bbox 608 320 2003 374">
     <span class='ocr_line' id='line_1_1' title="bbox 608 320 2003 374; baseline 0.003 -17"><span class='ocrx_word' id='word_1_1' title='bbox 608 320 685 357; x_wconf 75' lang='lat'><em>392</em></span> <span class='ocrx_word' id='word_1_2' title='bbox 968 320 1209 358; x_wconf 81' lang='lat' dir='ltr'><strong>HISTORIA</strong></span> <span class='ocrx_word' id='word_1_3' title='bbox 1240 320 1642 358; x_wconf 81' lang='lat' dir='ltr'><strong>ECCLESIASTICA.</strong></span> <span class='ocrx_word' id='word_1_4' title='bbox 1869 325 2003 374; x_wconf 88' lang='lat'>[1108]</span> 
     </span>
    </p>
   </div>
   <div class='ocr_carea' id='block_1_2' title="bbox 598 405 2033 2789">
    <p class='ocr_par' dir='ltr' id='par_1_2' title="bbox 601 405 2013 1550">
     <span class='ocr_line' id='line_1_2' title="bbox 607 405 2005 471; baseline 0.003 -21"><span class='ocrx_word' id='word_1_5' title='bbox 607 405 857 452; x_wconf 78' lang='lat' dir='ltr'><em>desursum</em></span> <span class='ocrx_word' id='word_1_6' title='bbox 878 406 1098 454; x_wconf 77' lang='lat' dir='ltr'><em>ardentes</em></span> <span class='ocrx_word' id='word_1_7' title='bbox 1122 407 1341 454; x_wconf 69' lang='lat' dir='ltr'><em>candelae</em></span> <span class='ocrx_word' id='word_1_8' title='bbox 1363 407 1544 453; x_wconf 76' lang='lat' dir='ltr'><em>demitti</em></span> <span class='ocrx_word' id='word_1_9' title='bbox 1566 410 1684 452; x_wconf 64' lang='lat' dir='ltr'><em>visae</em></span> <span class='ocrx_word' id='word_1_10' title='bbox 1707 418 1831 452; x_wconf 80' lang='lat' dir='ltr'><em>sunt.</em></span> <span class='ocrx_word' id='word_1_11' title='bbox 1864 409 2005 471; x_wconf 67' lang='lat' dir='ltr'><em>Quie-</em></span> 
     </span>
     <span class='ocr_line' id='line_1_3' title="bbox 607 481 2007 544; baseline 0.002 -18"><span class='ocrx_word' id='word_1_12' title='bbox 607 481 720 527; x_wconf 83' lang='lat' dir='ltr'><em>dam</em></span> <span class='ocrx_word' id='word_1_13' title='bbox 752 499 862 528; x_wconf 80' lang='lat' dir='ltr'><em>vero</em></span> <span class='ocrx_word' id='word_1_14' title='bbox 889 484 1296 541; x_wconf 76' lang='lat' dir='ltr'><em>sanctimonialis,</em></span> <span class='ocrx_word' id='word_1_15' title='bbox 1323 500 1540 544; x_wconf 73' lang='lat' dir='ltr'><em>magnae,</em></span> <span class='ocrx_word' id='word_1_16' title='bbox 1570 494 1619 527; x_wconf 89' lang='lat' dir='ltr'><em>ut</em></span> <span class='ocrx_word' id='word_1_17' title='bbox 1644 481 1868 540; x_wconf 82' lang='lat' dir='ltr'><em>creditur,</em></span> <span class='ocrx_word' id='word_1_18' title='bbox 1898 485 2007 529; x_wconf 86' lang='lat' dir='ltr'><em>reli-</em></span> 
     </span>
     <span class='ocr_line' id='line_1_4' title="bbox 602 559 2008 624; baseline 0.002 -21"><span class='ocrx_word' id='word_1_19' title='bbox 602 559 783 622; x_wconf 78' lang='lat' dir='ltr'><em>gionis,</em></span> <span class='ocrx_word' id='word_1_20' title='bbox 821 559 947 606; x_wconf 77' lang='lat' dir='ltr'><em>lianc</em></span> <span class='ocrx_word' id='word_1_21' title='bbox 981 561 1233 607; x_wconf 83' lang='lat' dir='ltr'><em>ecclesiam</em></span> <span class='ocrx_word' id='word_1_22' title='bbox 1263 561 1492 624; x_wconf 41' lang='lat' dir='ltr'><em>quotidie·</em></span> <span class='ocrx_word' id='word_1_23' title='bbox 1494 561 1771 623; x_wconf 76' lang='lat' dir='ltr'><em>frequentat</em></span> <span class='ocrx_word' id='word_1_24' title='bbox 1777 597 1793 617; x_wconf 90' lang='lat'><em>,</em></span> <span class='ocrx_word' id='word_1_25' title='bbox 1828 570 1871 605; x_wconf 83' lang='lat' dir='ltr'><em>et</em></span> <span class='ocrx_word' id='word_1_26' title='bbox 1895 560 2008 624; x_wconf 84' lang='lat' dir='ltr'><em>plu—</em></span> 
     </span>
     <span class='ocr_line' id='line_1_5' title="bbox 605 637 2009 702; baseline 0.002 -21"><span class='ocrx_word' id='word_1_27' title='bbox 605 638 730 682; x_wconf 83' lang='lat' dir='ltr'><em>rima</em></span> <span class='ocrx_word' id='word_1_28' title='bbox 759 637 1085 700; x_wconf 78' lang='lat' dir='ltr'><em>hujuscemodi</em></span> <span class='ocrx_word' id='word_1_29' title='bbox 1112 657 1160 684; x_wconf 90' lang='lat' dir='ltr'><em>se</em></span> <span class='ocrx_word' id='word_1_30' title='bbox 1186 640 1367 685; x_wconf 80' lang='lat' dir='ltr'><em>vidisse</em></span> <span class='ocrx_word' id='word_1_31' title='bbox 1396 640 1597 702; x_wconf 79' lang='lat' dir='ltr'><em>scepius,</em></span> <span class='ocrx_word' id='word_1_32' title='bbox 1633 649 1840 683; x_wconf 88' lang='lat' dir='ltr'><em>enarrat.</em></span> <span class='ocrx_word' id='word_1_33' title='bbox 1870 639 1936 683; x_wconf 88' lang='lat' dir='ltr'><em>Et</em></span> <span class='ocrx_word' id='word_1_34' title='bbox 1962 650 2009 684; x_wconf 91' lang='lat' dir='ltr'><em>ut</em></span> 
     </span>
     <span class='ocr_line' id='line_1_6' title="bbox 605 713 2010 778; baseline 0.001 -20"><span class='ocrx_word' id='word_1_35' title='bbox 605 725 783 759; x_wconf 84' lang='lat' dir='ltr'><em>certum</em></span> <span class='ocrx_word' id='word_1_36' title='bbox 802 717 1039 778; x_wconf 74' lang='lat' dir='ltr'><em>specimen</em></span> <span class='ocrx_word' id='word_1_37' title='bbox 1058 734 1158 760; x_wconf 69' lang='lat' dir='ltr'><em>sua²</em></span> <span class='ocrx_word' id='word_1_38' title='bbox 1171 716 1464 761; x_wconf 83' lang='lat' dir='ltr'><em>narrationis</em></span> <span class='ocrx_word' id='word_1_39' title='bbox 1483 714 1743 771; x_wconf 65' lang='lat' dir='ltr'><em>exhiberet,</em></span> <span class='ocrx_word' id='word_1_40' title='bbox 1767 713 2010 777; x_wconf 79' lang='lat' dir='ltr'><em>quondam</em></span> 
     </span>
     <span class='ocr_line' id='line_1_7' title="bbox 605 788 2008 848; baseline 0.001 -14"><span class='ocrx_word' id='word_1_41' title='bbox 605 788 721 835; x_wconf 79' lang='lat' dir='ltr'><em>dum</em></span> <span class='ocrx_word' id='word_1_42' title='bbox 747 791 796 835; x_wconf 85' lang='lat' dir='ltr'><em>in</em></span> <span class='ocrx_word' id='word_1_43' title='bbox 821 794 1027 837; x_wconf 82' lang='lat' dir='ltr'><em>oratorio</em></span> <span class='ocrx_word' id='word_1_44' title='bbox 1048 792 1154 837; x_wconf 85' lang='lat' dir='ltr'><em>sola</em></span> <span class='ocrx_word' id='word_1_45' title='bbox 1180 791 1462 848; x_wconf 67' lang='lat' dir='ltr'><em>excubaret,</em></span> <span class='ocrx_word' id='word_1_46' title='bbox 1489 803 1532 837; x_wconf 91' lang='lat' dir='ltr'><em>et</em></span> <span class='ocrx_word' id='word_1_47' title='bbox 1556 790 1809 837; x_wconf 77' lang='lat' dir='ltr'><em>candelam</em></span> <span class='ocrx_word' id='word_1_48' title='bbox 1836 791 2008 836; x_wconf 86' lang='lat' dir='ltr'><em>arden-</em></span> 
     </span>
     <span class='ocr_line' id='line_1_8' title="bbox 607 866 2010 934; baseline 0.003 -23"><span class='ocrx_word' id='word_1_49' title='bbox 607 878 694 912; x_wconf 83' lang='lat' dir='ltr'><em>tem</em></span> <span class='ocrx_word' id='word_1_50' title='bbox 716 866 777 913; x_wconf 88' lang='lat' dir='ltr'><em>de</em></span> <span class='ocrx_word' id='word_1_51' title='bbox 799 866 992 913; x_wconf 82' lang='lat' dir='ltr'><em>sublimi</em></span> <span class='ocrx_word' id='word_1_52' title='bbox 1014 870 1117 914; x_wconf 89' lang='lat' dir='ltr'><em>sine</em></span> <span class='ocrx_word' id='word_1_53' title='bbox 1139 869 1351 914; x_wconf 74' lang='lat' dir='ltr'><em>humana</em></span> <span class='ocrx_word' id='word_1_54' title='bbox 1376 887 1466 934; x_wconf 86' lang='lat' dir='ltr'><em>ope</em></span> <span class='ocrx_word' id='word_1_55' title='bbox 1486 870 1662 933; x_wconf 76' lang='lat' dir='ltr'><em>deponi</em></span> <span class='ocrx_word' id='word_1_56' title='bbox 1682 869 1907 926; x_wconf 79' lang='lat' dir='ltr'><em>vidisset,</em></span> <span class='ocrx_word' id='word_1_57' title='bbox 1935 887 2010 915; x_wconf 87' lang='lat' dir='ltr'><em>re—</em></span> 
     </span>
     <span class='ocr_line' id='line_1_9' title="bbox 606 945 2010 1004; baseline 0.001 -15"><span class='ocrx_word' id='word_1_58' title='bbox 606 955 810 991; x_wconf 73' lang='lat' dir='ltr'><em>verenter</em></span> <span class='ocrx_word' id='word_1_59' title='bbox 837 945 908 990; x_wconf 83' lang='lat' dir='ltr'><em>ad</em></span> <span class='ocrx_word' id='word_1_60' title='bbox 937 963 1075 991; x_wconf 86' lang='lat' dir='ltr'><em>aram</em></span> <span class='ocrx_word' id='word_1_61' title='bbox 1108 947 1335 1003; x_wconf 89' lang='lat' dir='ltr'><em>accessit,</em></span> <span class='ocrx_word' id='word_1_62' title='bbox 1368 946 1625 992; x_wconf 77' lang='lat' dir='ltr'><em>candelam.</em></span> <span class='ocrx_word' id='word_1_63' title='bbox 1653 947 1884 1004; x_wconf 69' lang='lat' dir='ltr'><em>extinxit,</em></span> <span class='ocrx_word' id='word_1_64' title='bbox 1917 947 2010 992; x_wconf 81' lang='lat' dir='ltr'><em>lin-</em></span> 
     </span>
     <span class='ocr_line' id='line_1_10' title="bbox 606 1020 2007 1079; baseline 0.002 -14"><span class='ocrx_word' id='word_1_65' title='bbox 606 1020 728 1066; x_wconf 86' lang='lat' dir='ltr'><em>teolo</em></span> <span class='ocrx_word' id='word_1_66' title='bbox 773 1022 952 1068; x_wconf 82' lang='lat' dir='ltr'><em>mando</em></span> <span class='ocrx_word' id='word_1_67' title='bbox 995 1023 1186 1069; x_wconf 71' lang='lat' dir='ltr'><em>involvit</em></span> <span class='ocrx_word' id='word_1_68' title='bbox 1203 1060 1218 1079; x_wconf 84' lang='lat'><em>,</em></span> <span class='ocrx_word' id='word_1_69' title='bbox 1265 1034 1308 1068; x_wconf 92' lang='lat' dir='ltr'><em>et</em></span> <span class='ocrx_word' id='word_1_70' title='bbox 1353 1024 1402 1067; x_wconf 81' lang='lat' dir='ltr'><em>in</em></span> <span class='ocrx_word' id='word_1_71' title='bbox 1445 1023 1623 1069; x_wconf 86' lang='lat' dir='ltr'><em>scrinio</em></span> <span class='ocrx_word' id='word_1_72' title='bbox 1666 1041 1754 1069; x_wconf 82' lang='lat' dir='ltr'><em>suo</em></span> <span class='ocrx_word' id='word_1_73' title='bbox 1801 1022 2007 1068; x_wconf 86' lang='lat' dir='ltr'><em>reclusit.</em></span> 
     </span>
     <span class='ocr_line' id='line_1_11' title="bbox 614 1098 2008 1166; baseline 0.001 -21"><span class='ocrx_word' id='word_1_74' title='bbox 614 1098 830 1161; x_wconf 80' lang='lat' dir='ltr'><em>Cumque</em></span> <span class='ocrx_word' id='word_1_75' title='bbox 847 1111 1112 1165; x_wconf 80' lang='lat' dir='ltr'><em>opportuno</em></span> <span class='ocrx_word' id='word_1_76' title='bbox 1132 1110 1355 1166; x_wconf 81' lang='lat' dir='ltr'><em>tempore,</em></span> <span class='ocrx_word' id='word_1_77' title='bbox 1379 1101 1511 1164; x_wconf 82' lang='lat' dir='ltr'><em>quod</em></span> <span class='ocrx_word' id='word_1_78' title='bbox 1529 1100 1737 1157; x_wconf 81' lang='lat' dir='ltr'><em>viderat,</em></span> <span class='ocrx_word' id='word_1_79' title='bbox 1762 1101 2008 1159; x_wconf 77' lang='lat' dir='ltr'><em>retulisset,</em></span> 
     </span>
     <span class='ocr_line' id='line_1_12' title="bbox 605 1177 2013 1243; baseline 0.004 -23"><span class='ocrx_word' id='word_1_80' title='bbox 605 1186 649 1220; x_wconf 89' lang='lat' dir='ltr'><em>et</em></span> <span class='ocrx_word' id='word_1_81' title='bbox 671 1177 901 1223; x_wconf 84' lang='lat' dir='ltr'><em>scrinium</em></span> <span class='ocrx_word' id='word_1_82' title='bbox 925 1181 1209 1243; x_wconf 76' lang='lat' dir='ltr'><em>aperuisset,</em></span> <span class='ocrx_word' id='word_1_83' title='bbox 1245 1190 1294 1223; x_wconf 88' lang='lat' dir='ltr'><em>ut</em></span> <span class='ocrx_word' id='word_1_84' title='bbox 1318 1178 1588 1243; x_wconf 84' lang='lat' dir='ltr'><em>depositum</em></span> <span class='ocrx_word' id='word_1_85' title='bbox 1612 1179 1895 1235; x_wconf 80' lang='lat' dir='ltr'><em>ostenderet,</em></span> <span class='ocrx_word' id='word_1_86' title='bbox 1912 1178 2013 1241; x_wconf 83' lang='lat' dir='ltr'><em>fa-</em></span> 
     </span>
     <span class='ocr_line' id='line_1_13' title="bbox 607 1252 2013 1321; baseline 0.002 -22"><span class='ocrx_word' id='word_1_87' title='bbox 607 1252 762 1299; x_wconf 71' lang='lat' dir='ltr'><em>villam</em></span> <span class='ocrx_word' id='word_1_88' title='bbox 779 1254 1075 1302; x_wconf 68' lang='lat' dir='ltr'><em>solumunodo</em></span> <span class='ocrx_word' id='word_1_89' title='bbox 1085 1273 1179 1321; x_wconf 86' lang='lat' dir='ltr'><em>pro</em></span> <span class='ocrx_word' id='word_1_90' title='bbox 1200 1257 1382 1302; x_wconf 82' lang='lat' dir='ltr'><em>indicio</em></span> <span class='ocrx_word' id='word_1_91' title='bbox 1402 1258 1795 1302; x_wconf 75' lang='lat' dir='ltr'><em>concremationis</em></span> <span class='ocrx_word' id='word_1_92' title='bbox 1814 1257 2013 1313; x_wconf 73' lang='lat' dir='ltr'><em>invenit,-</em></span> 
     </span>
     <span class='ocr_line' id='line_1_14' title="bbox 605 1329 2011 1398; baseline 0.002 -23"><span class='ocrx_word' id='word_1_93' title='bbox 605 1329 693 1375; x_wconf 74' lang='lat' dir='ltr'><em>sed</em></span> <span class='ocrx_word' id='word_1_94' title='bbox 716 1341 863 1378; x_wconf 89' lang='lat' dir='ltr'><em>totam</em></span> <span class='ocrx_word' id='word_1_95' title='bbox 884 1333 1080 1395; x_wconf 82' lang='lat' dir='ltr'><em>penitus</em></span> <span class='ocrx_word' id='word_1_96' title='bbox 1104 1332 1386 1390; x_wconf 72' lang='lat' dir='ltr'><em>candelam,</em></span> <span class='ocrx_word' id='word_1_97' title='bbox 1414 1334 1515 1378; x_wconf 85' lang='lat' dir='ltr'><em>sine</em></span> <span class='ocrx_word' id='word_1_98' title='bbox 1540 1333 1719 1379; x_wconf 66' lang='lat' dir='ltr'><em>laesura</em></span> <span class='ocrx_word' id='word_1_99' title='bbox 1743 1333 2011 1398; x_wconf 72' lang='lat' dir='ltr'><em>mappulae,</em></span> 
     </span>
     <span class='ocr_line' id='line_1_15' title="bbox 608 1407 2013 1474; baseline 0.002 -22"><span class='ocrx_word' id='word_1_100' title='bbox 608 1407 909 1473; x_wconf 80' lang='lat' dir='ltr'><em>aliarumque</em></span> <span class='ocrx_word' id='word_1_101' title='bbox 943 1427 1121 1467; x_wconf 80' lang='lat' dir='ltr'><em>rerum,</em></span> <span class='ocrx_word' id='word_1_102' title='bbox 1160 1428 1266 1474; x_wconf 80' lang='lat' dir='ltr'><em>quae</em></span> <span class='ocrx_word' id='word_1_103' title='bbox 1308 1411 1483 1456; x_wconf 78' lang='lat' dir='ltr'><em>ibidem</em></span> <span class='ocrx_word' id='word_1_104' title='bbox 1517 1422 1676 1468; x_wconf 81' lang='lat' dir='ltr'><em>erant,</em></span> <span class='ocrx_word' id='word_1_105' title='bbox 1719 1409 2013 1456; x_wconf 76' lang='lat' dir='ltr'><em>combustam</em></span> 
     </span>
     <span class='ocr_line' id='line_1_16' title="bbox 601 1490 873 1550; baseline -0.004 -18"><span class='ocrx_word' id='word_1_106' title='bbox 601 1490 873 1550; x_wconf 71' lang='lat' dir='ltr'><em>prospexit.</em></span> 
     </span>
    </p>

    <p class='ocr_par' dir='ltr' id='par_1_3' title="bbox 598 1564 2033 2789">
     <span class='ocr_line' id='line_1_17' title="bbox 671 1564 2014 1632; baseline 0.004 -23"><span class='ocrx_word' id='word_1_107' title='bbox 671 1564 846 1628; x_wconf 84' lang='lat' dir='ltr'><em>Nuper</em></span> <span class='ocrx_word' id='word_1_108' title='bbox 863 1566 911 1610; x_wconf 87' lang='lat' dir='ltr'><em>in</em></span> <span class='ocrx_word' id='word_1_109' title='bbox 931 1566 1099 1612; x_wconf 83' lang='lat' dir='ltr'><em>eadem</em></span> <span class='ocrx_word' id='word_1_110' title='bbox 1124 1566 1357 1624; x_wconf 86' lang='lat' dir='ltr'><em>basilica,</em></span> <span class='ocrx_word' id='word_1_111' title='bbox 1387 1567 1502 1613; x_wconf 85' lang='lat' dir='ltr'><em>dum</em></span> <span class='ocrx_word' id='word_1_112' title='bbox 1519 1567 1655 1632; x_wconf 82' lang='lat' dir='ltr'><em>plebs</em></span> <span class='ocrx_word' id='word_1_113' title='bbox 1680 1568 1775 1613; x_wconf 89' lang='lat' dir='ltr'><em>Dei</em></span> <span class='ocrx_word' id='word_1_114' title='bbox 1777 1565 2014 1630; x_wconf 71' lang='lat' dir='ltr'><em>festivita-</em></span> 
     </span>
     <span class='ocr_line' id='line_1_18' title="bbox 608 1641 2017 1707; baseline 0.004 -21"><span class='ocrx_word' id='word_1_115' title='bbox 608 1653 698 1687; x_wconf 81' lang='lat' dir='ltr'><em>tem</em></span> <span class='ocrx_word' id='word_1_116' title='bbox 725 1641 849 1689; x_wconf 87' lang='lat' dir='ltr'><em>beati</em></span> <span class='ocrx_word' id='word_1_117' title='bbox 870 1644 1010 1689; x_wconf 86' lang='lat' dir='ltr'><em>Petri</em></span> <span class='ocrx_word' id='word_1_118' title='bbox 1030 1644 1236 1707; x_wconf 82' lang='lat' dir='ltr'><em>apostoli</em></span> <span class='ocrx_word' id='word_1_119' title='bbox 1260 1644 1540 1700; x_wconf 79' lang='lat' dir='ltr'><em>celebraret,</em></span> <span class='ocrx_word' id='word_1_120' title='bbox 1570 1655 1613 1690; x_wconf 83' lang='lat' dir='ltr'><em>et</em></span> <span class='ocrx_word' id='word_1_121' title='bbox 1636 1645 1790 1690; x_wconf 88' lang='lat' dir='ltr'><em>clerus</em></span> <span class='ocrx_word' id='word_1_122' title='bbox 1814 1645 1884 1690; x_wconf 85' lang='lat' dir='ltr'><em>ad</em></span> <span class='ocrx_word' id='word_1_123' title='bbox 1904 1663 2017 1691; x_wconf 78' lang='lat' dir='ltr'><em>ves-</em></span> 
     </span>
     <span class='ocr_line' id='line_1_19' title="bbox 600 1719 2033 1784; baseline 0.002 -20"><span class='ocrx_word' id='word_1_124' title='bbox 600 1719 886 1782; x_wconf 82' lang='lat' dir='ltr'><em>pertinalem</em></span> <span class='ocrx_word' id='word_1_125' title='bbox 921 1722 1149 1784; x_wconf 70' lang='lat' dir='ltr'><em>synaxim</em></span> <span class='ocrx_word' id='word_1_126' title='bbox 1186 1724 1234 1766; x_wconf 84' lang='lat' dir='ltr'><em>in</em></span> <span class='ocrx_word' id='word_1_127' title='bbox 1266 1721 1409 1767; x_wconf 79' lang='lat' dir='ltr'><em>cltoro</em></span> <span class='ocrx_word' id='word_1_128' title='bbox 1444 1720 1781 1767; x_wconf 77' lang='lat' dir='ltr'><em>celebrandam</em></span> <span class='ocrx_word' id='word_1_129' title='bbox 1811 1733 2033 1780; x_wconf 86' lang='lat' dir='ltr'><em>astaret,·</em></span> 
     </span>
     <span class='ocr_line' id='line_1_20' title="bbox 607 1796 2017 1861; baseline 0.003 -21"><span class='ocrx_word' id='word_1_130' title='bbox 607 1805 696 1841; x_wconf 87' lang='lat' dir='ltr'><em>tres</em></span> <span class='ocrx_word' id='word_1_131' title='bbox 727 1813 885 1842; x_wconf 89' lang='lat' dir='ltr'><em>cereos</em></span> <span class='ocrx_word' id='word_1_132' title='bbox 915 1796 1046 1842; x_wconf 88' lang='lat' dir='ltr'><em>clare</em></span> <span class='ocrx_word' id='word_1_133' title='bbox 1074 1796 1294 1843; x_wconf 80' lang='lat' dir='ltr'><em>ardentes</em></span> <span class='ocrx_word' id='word_1_134' title='bbox 1323 1797 1569 1843; x_wconf 79' lang='lat' dir='ltr'><em>desursum</em></span> <span class='ocrx_word' id='word_1_135' title='bbox 1598 1814 1742 1861; x_wconf 81' lang='lat' dir='ltr'><em>usque</em></span> <span class='ocrx_word' id='word_1_136' title='bbox 1772 1797 1843 1842; x_wconf 86' lang='lat' dir='ltr'><em>ad</em></span> <span class='ocrx_word' id='word_1_137' title='bbox 1866 1798 2017 1845; x_wconf 88' lang='lat' dir='ltr'><em>altare</em></span> 
     </span>
     <span class='ocr_line' id='line_1_21' title="bbox 606 1872 2016 1938; baseline 0.003 -21"><span class='ocrx_word' id='word_1_138' title='bbox 606 1872 794 1918; x_wconf 82' lang='lat' dir='ltr'><em>demitti</em></span> <span class='ocrx_word' id='word_1_139' title='bbox 809 1890 970 1919; x_wconf 85' lang='lat' dir='ltr'><em>omnes</em></span> <span class='ocrx_word' id='word_1_140' title='bbox 987 1874 1237 1931; x_wconf 77' lang='lat' dir='ltr'><em>viderunt,</em></span> <span class='ocrx_word' id='word_1_141' title='bbox 1266 1885 1309 1919; x_wconf 92' lang='lat' dir='ltr'><em>et</em></span> <span class='ocrx_word' id='word_1_142' title='bbox 1326 1891 1414 1938; x_wconf 84' lang='lat' dir='ltr'><em>pro</em></span> <span class='ocrx_word' id='word_1_143' title='bbox 1434 1891 1483 1918; x_wconf 91' lang='lat' dir='ltr'><em>re</em></span> <span class='ocrx_word' id='word_1_144' title='bbox 1503 1873 1700 1920; x_wconf 82' lang='lat' dir='ltr'><em>insolita</em></span> <span class='ocrx_word' id='word_1_145' title='bbox 1722 1873 2016 1921; x_wconf 86' lang='lat' dir='ltr'><em>admirantes</em></span> 
     </span>
     <span class='ocr_line' id='line_1_22' title="bbox 605 1949 2017 2016; baseline 0.002 -21"><span class='ocrx_word' id='word_1_146' title='bbox 605 1949 960 2015; x_wconf 81' lang='lat' dir='ltr'><em>obstupuerunt.</em></span> <span class='ocrx_word' id='word_1_147' title='bbox 995 1953 1133 1998; x_wconf 86' lang='lat' dir='ltr'><em>Cerei</em></span> <span class='ocrx_word' id='word_1_148' title='bbox 1154 1963 1311 1997; x_wconf 85' lang='lat' dir='ltr'><em>autem</em></span> <span class='ocrx_word' id='word_1_149' title='bbox 1338 1970 1486 2015; x_wconf 80' lang='lat' dir='ltr'><em>usque</em></span> <span class='ocrx_word' id='word_1_150' title='bbox 1509 1952 1578 1998; x_wconf 82' lang='lat' dir='ltr'><em>ad</em></span> <span class='ocrx_word' id='word_1_151' title='bbox 1582 1952 1737 2016; x_wconf 81' lang='lat' dir='ltr'><em>finem</em></span> <span class='ocrx_word' id='word_1_152' title='bbox 1766 1954 2017 1998; x_wconf 87' lang='lat' dir='ltr'><em>matutino-</em></span> 
     </span>
     <span class='ocr_line' id='line_1_23' title="bbox 605 2028 2012 2094; baseline 0 -20"><span class='ocrx_word' id='word_1_153' title='bbox 605 2045 708 2074; x_wconf 83' lang='lat' dir='ltr'><em>rum</em></span> <span class='ocrx_word' id='word_1_154' title='bbox 739 2039 982 2086; x_wconf 88' lang='lat' dir='ltr'><em>arserunt,</em></span> <span class='ocrx_word' id='word_1_155' title='bbox 1017 2039 1060 2074; x_wconf 89' lang='lat' dir='ltr'><em>et</em></span> <span class='ocrx_word' id='word_1_156' title='bbox 1090 2038 1204 2074; x_wconf 88' lang='lat' dir='ltr'><em>tunc</em></span> <span class='ocrx_word' id='word_1_157' title='bbox 1236 2028 1307 2074; x_wconf 79' lang='lat' dir='ltr'><em>acl</em></span> <span class='ocrx_word' id='word_1_158' title='bbox 1335 2046 1559 2074; x_wconf 86' lang='lat' dir='ltr'><em>auroram</em></span> <span class='ocrx_word' id='word_1_159' title='bbox 1593 2031 1862 2094; x_wconf 77' lang='lat' dir='ltr'><em>consumpti</em></span> <span class='ocrx_word' id='word_1_160' title='bbox 1888 2039 2012 2074; x_wconf 84' lang='lat' dir='ltr'><em>sunt.</em></span> 
     </span>
     <span class='ocr_line' id='line_1_24' title="bbox 604 2105 2018 2171; baseline -0.001 -19"><span class='ocrx_word' id='word_1_161' title='bbox 604 2111 664 2152; x_wconf 85' lang='lat' dir='ltr'><em>In</em></span> <span class='ocrx_word' id='word_1_162' title='bbox 701 2124 810 2152; x_wconf 86' lang='lat' dir='ltr'><em>aere</em></span> <span class='ocrx_word' id='word_1_163' title='bbox 845 2106 1037 2170; x_wconf 81' lang='lat' dir='ltr'><em>quidem</em></span> <span class='ocrx_word' id='word_1_164' title='bbox 1073 2123 1218 2171; x_wconf 85' lang='lat' dir='ltr'><em>super</em></span> <span class='ocrx_word' id='word_1_165' title='bbox 1253 2124 1392 2151; x_wconf 88' lang='lat' dir='ltr'><em>aram</em></span> <span class='ocrx_word' id='word_1_166' title='bbox 1424 2106 1644 2152; x_wconf 85' lang='lat' dir='ltr'><em>ordinate</em></span> <span class='ocrx_word' id='word_1_167' title='bbox 1676 2106 1895 2164; x_wconf 87' lang='lat' dir='ltr'><em>stabant,</em></span> <span class='ocrx_word' id='word_1_168' title='bbox 1933 2105 2018 2152; x_wconf 84' lang='lat' dir='ltr'><em>sed</em></span> 
     </span>
     <span class='ocr_line' id='line_1_25' title="bbox 606 2183 2014 2249; baseline -0.001 -20"><span class='ocrx_word' id='word_1_169' title='bbox 606 2195 760 2230; x_wconf 87' lang='lat' dir='ltr'><em>tamen</em></span> <span class='ocrx_word' id='word_1_170' title='bbox 787 2184 956 2230; x_wconf 87' lang='lat' dir='ltr'><em>altaris</em></span> <span class='ocrx_word' id='word_1_171' title='bbox 983 2184 1264 2249; x_wconf 74' lang='lat' dir='ltr'><em>mappulam</em></span> <span class='ocrx_word' id='word_1_172' title='bbox 1291 2201 1386 2230; x_wconf 92' lang='lat' dir='ltr'><em>non</em></span> <span class='ocrx_word' id='word_1_173' title='bbox 1410 2183 1688 2248; x_wconf 77' lang='lat' dir='ltr'><em>tangebant.</em></span> <span class='ocrx_word' id='word_1_174' title='bbox 1717 2183 1913 2229; x_wconf 66' lang='lat' dir='ltr'><em>[Uedius</em></span> <span class='ocrx_word' id='word_1_175' title='bbox 1937 2201 2014 2229; x_wconf 91' lang='lat' dir='ltr'><em>eo-</em></span> 
     </span>
     <span class='ocr_line' id='line_1_26' title="bbox 604 2262 2014 2326; baseline 0 -19"><span class='ocrx_word' id='word_1_176' title='bbox 604 2279 707 2307; x_wconf 86' lang='lat' dir='ltr'><em>rum</em></span> <span class='ocrx_word' id='word_1_177' title='bbox 738 2265 977 2308; x_wconf 69' lang='lat' dir='ltr'><em>maximus</em></span> <span class='ocrx_word' id='word_1_178' title='bbox 1005 2273 1107 2307; x_wconf 72' lang='lat' dir='ltr'><em>(rat</em></span> <span class='ocrx_word' id='word_1_179' title='bbox 1131 2273 1175 2308; x_wconf 90' lang='lat' dir='ltr'><em>et</em></span> <span class='ocrx_word' id='word_1_180' title='bbox 1203 2262 1497 2326; x_wconf 80' lang='lat' dir='ltr'><em>quadratus,</em></span> <span class='ocrx_word' id='word_1_181' title='bbox 1533 2262 1623 2307; x_wconf 85' lang='lat' dir='ltr'><em>alii</em></span> <span class='ocrx_word' id='word_1_182' title='bbox 1654 2279 1764 2308; x_wconf 82' lang='lat' dir='ltr'><em>vero</em></span> <span class='ocrx_word' id='word_1_183' title='bbox 1798 2263 1892 2307; x_wconf 87' lang='lat' dir='ltr'><em>a&#39;uo</em></span> <span class='ocrx_word' id='word_1_184' title='bbox 1919 2279 2014 2307; x_wconf 92' lang='lat' dir='ltr'><em>me-</em></span> 
     </span>
     <span class='ocr_line' id='line_1_27' title="bbox 603 2339 2015 2405; baseline 0 -20"><span class='ocrx_word' id='word_1_185' title='bbox 603 2340 786 2387; x_wconf 84' lang='lat' dir='ltr'><em>diocres</em></span> <span class='ocrx_word' id='word_1_186' title='bbox 815 2352 950 2386; x_wconf 89' lang='lat' dir='ltr'><em>erant</em></span> <span class='ocrx_word' id='word_1_187' title='bbox 981 2352 1024 2386; x_wconf 84' lang='lat' dir='ltr'><em>et</em></span> <span class='ocrx_word' id='word_1_188' title='bbox 1059 2341 1270 2386; x_wconf 81' lang='lat' dir='ltr'><em>rotundi.</em></span> <span class='ocrx_word' id='word_1_189' title='bbox 1304 2342 1466 2386; x_wconf 84' lang='lat' dir='ltr'><em>Fama</em></span> <span class='ocrx_word' id='word_1_190' title='bbox 1505 2339 1650 2405; x_wconf 77' lang='lat' dir='ltr'><em>liujus</em></span> <span class='ocrx_word' id='word_1_191' title='bbox 1682 2342 1751 2385; x_wconf 81' lang='lat' dir='ltr'><em>rei</em></span> <span class='ocrx_word' id='word_1_192' title='bbox 1773 2343 2015 2404; x_wconf 82' lang='lat' dir='ltr'><em>personuit</em></span> 
     </span>
     <span class='ocr_line' id='line_1_28' title="bbox 605 2418 2014 2483; baseline 0 -20"><span class='ocrx_word' id='word_1_193' title='bbox 605 2419 654 2464; x_wconf 91' lang='lat' dir='ltr'><em>in</em></span> <span class='ocrx_word' id='word_1_194' title='bbox 675 2429 772 2463; x_wconf 88' lang='lat' dir='ltr'><em>tota</em></span> <span class='ocrx_word' id='word_1_195' title='bbox 796 2418 928 2472; x_wconf 85' lang='lat' dir='ltr'><em>urbe,</em></span> <span class='ocrx_word' id='word_1_196' title='bbox 957 2430 1000 2464; x_wconf 92' lang='lat' dir='ltr'><em>et</em></span> <span class='ocrx_word' id='word_1_197' title='bbox 1016 2436 1143 2483; x_wconf 83' lang='lat' dir='ltr'><em>pene</em></span> <span class='ocrx_word' id='word_1_198' title='bbox 1164 2436 1326 2464; x_wconf 87' lang='lat' dir='ltr'><em>omnes</em></span> <span class='ocrx_word' id='word_1_199' title='bbox 1347 2418 1509 2464; x_wconf 79' lang='lat' dir='ltr'><em>clerici</em></span> <span class='ocrx_word' id='word_1_200' title='bbox 1527 2429 1571 2463; x_wconf 89' lang='lat' dir='ltr'><em>et</em></span> <span class='ocrx_word' id='word_1_201' title='bbox 1592 2418 1711 2464; x_wconf 90' lang='lat' dir='ltr'><em>laici</em></span> <span class='ocrx_word' id='word_1_202' title='bbox 1718 2428 1835 2483; x_wconf 81' lang='lat' dir='ltr'><em>post</em></span> <span class='ocrx_word' id='word_1_203' title='bbox 1854 2432 2014 2483; x_wconf 78' lang='lat' dir='ltr'><em>vespe·-</em></span> 
     </span>
     <span class='ocr_line' id='line_1_29' title="bbox 603 2496 2012 2560; baseline -0.002 -17"><span class='ocrx_word' id='word_1_204' title='bbox 603 2513 683 2543; x_wconf 86' lang='lat' dir='ltr'><em>ras</em></span> <span class='ocrx_word' id='word_1_205' title='bbox 716 2496 786 2542; x_wconf 86' lang='lat' dir='ltr'><em>ad</em></span> <span class='ocrx_word' id='word_1_206' title='bbox 814 2496 1142 2560; x_wconf 69' lang='lat' dir='ltr'><em>spectaculum</em></span> <span class='ocrx_word' id='word_1_207' title='bbox 1177 2513 1436 2542; x_wconf 84' lang='lat' dir='ltr'><em>occurrere.</em></span> <span class='ocrx_word' id='word_1_208' title='bbox 1476 2497 1625 2541; x_wconf 85' lang='lat' dir='ltr'><em>Porro</em></span> <span class='ocrx_word' id='word_1_209' title='bbox 1664 2496 1825 2541; x_wconf 90' lang='lat' dir='ltr'><em>nullus</em></span> <span class='ocrx_word' id='word_1_210' title='bbox 1858 2512 2012 2541; x_wconf 88' lang='lat' dir='ltr'><em>cereos</em></span> 
     </span>
     <span class='ocr_line' id='line_1_30' title="bbox 602 2571 2015 2638; baseline -0.004 -17"><span class='ocrx_word' id='word_1_211' title='bbox 602 2592 752 2621; x_wconf 87' lang='lat' dir='ltr'><em>ausus</em></span> <span class='ocrx_word' id='word_1_212' title='bbox 771 2571 881 2637; x_wconf 81' lang='lat' dir='ltr'><em>fuit</em></span> <span class='ocrx_word' id='word_1_213' title='bbox 922 2586 1143 2638; x_wconf 78' lang='lat' dir='ltr'><em>tangere,</em></span> <span class='ocrx_word' id='word_1_214' title='bbox 1187 2574 1275 2620; x_wconf 83' lang='lat' dir='ltr'><em>sed</em></span> <span class='ocrx_word' id='word_1_215' title='bbox 1312 2577 1360 2618; x_wconf 89' lang='lat' dir='ltr'><em>in</em></span> <span class='ocrx_word' id='word_1_216' title='bbox 1399 2573 1639 2636; x_wconf 79' lang='lat' dir='ltr'><em>quadrato</em></span> <span class='ocrx_word' id='word_1_217' title='bbox 1683 2591 1813 2619; x_wconf 87' lang='lat' dir='ltr'><em>cereo</em></span> <span class='ocrx_word' id='word_1_218' title='bbox 1854 2572 2015 2619; x_wconf 86' lang='lat' dir='ltr'><em>clerici</em></span> 
     </span>
     <span class='ocr_line' id='line_1_31' title="bbox 600 2649 2006 2716; baseline -0.002 -18"><span class='ocrx_word' id='word_1_219' title='bbox 600 2653 889 2716; x_wconf 81' lang='lat' dir='ltr'><em>scripturam</em></span> <span class='ocrx_word' id='word_1_220' title='bbox 907 2651 1176 2716; x_wconf 72' lang='lat' dir='ltr'><em>hujusmodi</em></span> <span class='ocrx_word' id='word_1_221' title='bbox 1191 2651 1360 2715; x_wconf 76' lang='lat' dir='ltr'><em>legere.</em></span> <span class='ocrx_word' id='word_1_222' title='bbox 1378 2655 1437 2696; x_wconf 91' lang='lat' dir='ltr'><em>In</em></span> <span class='ocrx_word' id='word_1_223' title='bbox 1441 2652 1600 2712; x_wconf 80' lang='lat' dir='ltr'><em>primo</em></span> <span class='ocrx_word' id='word_1_224' title='bbox 1621 2650 1766 2696; x_wconf 88' lang='lat' dir='ltr'><em>latere</em></span> <span class='ocrx_word' id='word_1_225' title='bbox 1787 2669 1797 2695; x_wconf 93' lang='grc'><em>.·</em></span> <span class='ocrx_word' id='word_1_226' title='bbox 1818 2649 2006 2703; x_wconf 79' lang='lat' dir='ltr'><em>Manda,</em></span> 
     </span>
     <span class='ocr_line' id='line_1_32' title="bbox 598 2726 2008 2789; baseline -0.002 -15"><span class='ocrx_word' id='word_1_227' title='bbox 598 2728 894 2787; x_wconf 66' lang='lat' dir='ltr'><em>Petre‚‘3i1²am</em></span> <span class='ocrx_word' id='word_1_228' title='bbox 909 2726 965 2773; x_wconf 83' lang='lat' dir='ltr'><em>de</em></span> <span class='ocrx_word' id='word_1_229' title='bbox 985 2728 1125 2775; x_wconf 79' lang='lat' dir='ltr'><em>coelo.</em></span> <span class='ocrx_word' id='word_1_230' title='bbox 1148 2733 1206 2773; x_wconf 85' lang='lat' dir='ltr'><em>In</em></span> <span class='ocrx_word' id='word_1_231' title='bbox 1224 2727 1434 2774; x_wconf 81' lang='lat' dir='ltr'><em>secundo</em></span> <span class='ocrx_word' id='word_1_232' title='bbox 1452 2726 1717 2789; x_wconf 84' lang='lat' dir='ltr'><em>:Populum</em></span> <span class='ocrx_word' id='word_1_233' title='bbox 1731 2727 1923 2772; x_wconf 83' lang='lat' dir='ltr'><em>tarisum</em></span> <span class='ocrx_word' id='word_1_234' title='bbox 1939 2726 2008 2788; x_wconf 83' lang='lat'><em>(1)</em></span> 
     </span>
    </p>
   </div>
   <div class='ocr_carea' id='block_1_3' title="bbox 649 2863 2009 2910">
    <p class='ocr_par' dir='ltr' id='par_1_4' title="bbox 649 2863 2009 2910">
     <span class='ocr_line' id='line_1_33' title="bbox 649 2863 2009 2910; baseline -0.004 -10"><span class='ocrx_word' id='word_1_235' title='bbox 649 2866 766 2910; x_wconf 80' lang='lat' dir='ltr'><em>&lt;1)Ce</em></span> <span class='ocrx_word' id='word_1_236' title='bbox 788 2871 863 2899; x_wconf 83' lang='lat' dir='ltr'><em>mot</em></span> <span class='ocrx_word' id='word_1_237' title='bbox 888 2872 937 2898; x_wconf 69' lang='lat' dir='ltr'><em>cst</em></span> <span class='ocrx_word' id='word_1_238' title='bbox 965 2864 1238 2910; x_wconf 66' lang='lat' dir='ltr'><em>inintelligihlc:</em></span> <span class='ocrx_word' id='word_1_239' title='bbox 1266 2865 1353 2898; x_wconf 62' lang='lat' dir='ltr'><em>mais</em></span> <span class='ocrx_word' id='word_1_240' title='bbox 1374 2863 1532 2910; x_wconf 62' lang='lat' dir='ltr'><em>l&#39;evirquc</em></span> <span class='ocrx_word' id='word_1_241' title='bbox 1559 2863 1602 2897; x_wconf 71' lang='lat' dir='ltr'><em>{le</em></span> <span class='ocrx_word' id='word_1_242' title='bbox 1624 2864 1827 2898; x_wconf 57' lang='lat' dir='ltr'><em>(fmuancvs</em></span> <span class='ocrx_word' id='word_1_243' title='bbox 1854 2876 1889 2896; x_wconf 67' lang='lat' dir='ltr'><em>va</em></span> <span class='ocrx_word' id='word_1_244' title='bbox 1922 2874 2009 2897; x_wconf 70' lang='lat' dir='ltr'><em>nous</em></span> 
     </span>
    </p>
   </div>
  </div>
 </body>
</html>
