2085 3455
474 240 552 277 600
844 241 1087 280 HISTORIA
1119 242 1522 281 ECCLESIASTICA.
1613 249 1739 295 [sumo
1766 248 1886 298 1099]

475 327 768 373 interiorem.
814 328 965 392 Super
1003 330 1132 376 illam
1175 346 1287 376 vero
1331 331 1534 376 vicissim
1573 331 1889 378 ascendebant

472 404 716 450 christiani
747 405 944 464 milites,
975 417 1022 453 et
1052 408 1265 453 cominus
1294 407 1639 470 praeliabantur
1665 409 1713 455 in
1745 426 1887 456 muro

473 499 582 528 cum
599 482 887 541 Sarracenis,
911 495 957 531 et
978 501 1055 532 eos
1073 484 1403 548 percutiebant
1421 485 1609 532 ensibus
1626 497 1673 533 et
1695 487 1886 533 lanceis.

472 562 525 606 In
547 560 624 607 illa
647 563 978 626 congressione
997 564 1137 609 multi
1157 580 1214 609 ex
1233 574 1438 628 utroque
1456 565 1636 628 populo
1656 566 1889 629 perempti

471 649 598 684 sunt.
641 639 805 685 Plures
847 650 1007 686 tamen
1047 657 1103 687 ex
1145 640 1364 705 gentibus
1404 640 1667 705 perierunt.
1713 640 1892 689 Audito

474 716 746 763 retrahendi
784 717 930 775 lituo,
971 717 1226 764 Christiani
1264 719 1323 764 ab
1361 720 1541 783 impetu
1579 719 1663 766 illo
1704 719 1895 766 tandem

474 793 780 850 destiterunt,
819 805 866 840 et
896 793 954 839 ad
985 806 1134 841 castra
1171 807 1462 842 remearunt.
1490 797 1722 844 Victualia
1751 814 1891 853 vero,

475 889 582 935 quae
608 888 764 917 secum
794 870 1089 928 detulerant,
1127 873 1320 918 interim
1354 873 1637 920 defecerant.
1674 874 1771 921 Nec
1796 876 1894 938 jam

478 948 810 996 inveniebatur
845 950 980 1013 panis
1022 948 1079 995 ad
1120 948 1398 1007 emendum,
1441 968 1527 997 nec
1566 952 1634 998 ire
1676 963 1897 1015 poterant

476 1028 829 1072 frumentatum.
857 1027 1007 1090 Regio
1032 1026 1112 1072 illa
1138 1027 1408 1073 nullatenus
1432 1038 1500 1073 est
1522 1029 1725 1092 irrigua,
1751 1030 1897 1075 immo

478 1102 658 1149 torrida
682 1114 730 1150 et
749 1102 1031 1167 perhorrida
1046 1139 1059 1162 ‚
1084 1102 1283 1169 ideoque
1302 1105 1526 1168 jumentis
1550 1115 1595 1151 et
1618 1104 1899 1151 animalibus

477 1182 634 1227 minus
655 1192 925 1245 opportuna
939 1218 951 1238 ,
978 1191 1144 1245 utpote
1165 1182 1347 1245 pascuis
1366 1182 1593 1245 inopima.
1618 1182 1766 1227 Terra
1786 1199 1900 1246 quo-

479 1276 571 1324 que
595 1260 671 1305 illa
694 1277 791 1306 non
811 1271 880 1306 est
900 1276 1176 1317 nemorosa,
1200 1271 1246 1307 et
1267 1260 1444 1306 idcirco
1464 1261 1621 1306 minus
1638 1259 1897 1306 fructifera.

479 1339 692 1384 Palmam
732 1348 917 1384 tantum
956 1338 1069 1395 alit,
1106 1349 1153 1384 et
1195 1338 1397 1396 olivam3
1436 1339 1617 1401 patitur
1657 1349 1816 1384 autem
1856 1349 1903 1385 et

480 1416 686 1462 vineam.
713 1414 938 1462 Jordanis
956 1414 1015 1461 ab
1033 1416 1297 1462 Jerusalem
1314 1414 1471 1461 stadiis
1493 1416 1590 1462 sere
1613 1432 1725 1473 xxx,
1748 1426 1800 1461 ut
1817 1433 1902 1479 pu-

483 1504 608 1550 tant,
645 1493 926 1557 sejungitur.
984 1495 1129 1540 Lacus
1176 1493 1316 1539 habet
1351 1510 1430 1539 sex
1464 1504 1691 1539 remotos.
1731 1492 1904 1539 Civitas

485 1571 627 1618 habet
655 1590 756 1617 snas
786 1572 1039 1630 cisternas,
1073 1571 1197 1618 unde
1225 1572 1386 1616 alitur.
1419 1570 1492 1617 Ad
1523 1570 1700 1617 radices
1728 1571 1905 1617 montis

486 1650 600 1697 Sion
626 1650 751 1696 Siloe
775 1651 879 1696 sons
904 1660 997 1708 est;
1028 1648 1107 1695 sed
1133 1650 1212 1695 vix
1238 1666 1410 1712 paucos
1435 1659 1623 1712 poterat
1647 1659 1906 1694 sustentare

486 1727 721 1775 homines.
752 1726 957 1773 Juvabat
981 1738 1166 1785 tamen,
1203 1738 1249 1773 et
1277 1726 1461 1773 modica
1487 1727 1670 1790 magnis
1694 1727 1907 1790 expensis

488 1824 605 1870 aqua
625 1805 1009 1870 comparabatur.
1033 1805 1196 1870 Equos
1219 1815 1388 1868 potum
1407 1803 1661 1861 ducebant,
1684 1821 1781 1851 non
1807 1804 1906 1852 sine

488 1900 665 1946 pavore
690 1883 865 1940 nimio,
893 1900 980 1946 per
1003 1899 1083 1929 sex
1104 1883 1346 1929 milliaria.

553 1962 753 2007 Interim
778 1962 1052 2008 nuntiatum
1087 1972 1156 2007 est
1186 1962 1234 2007 in
1261 1962 1423 2008 castris
1456 1977 1593 2007 naves
1616 1958 1910 2007 Christiano-

488 2056 599 2085 rum
615 2038 856 2085 onerarias
878 2039 924 2084 in
945 2049 1091 2102 portu
1109 2037 1247 2102 Japhi
1262 2075 1275 2096 ,
1297 2056 1439 2103 quam
1460 2038 1657 2102 antiquo
1676 2036 1909 2084 vocabulo

492 2118 644 2181 Joppe
675 2118 745 2180 (ι)
780 2116 955 2163 dictam
990 2128 1233 2180 putamus,
1272 2117 1567 2180 applicuisse.
1604 2115 1741 2176 Quod
1776 2115 1912 2162 valde

491 2194 715 2242 Omnibus
731 2195 1018 2258 complacuit
1037 2194 1367 2241 castrensibus.
1391 2194 1636 2241 Consiliati
1656 2203 1765 2240 sunt
1783 2194 1913 2257 prin-

493 2274 645 2337 cipes,
681 2272 924 2338 quomodo
959 2284 1122 2320 euntes
1157 2284 1204 2320 et
1236 2272 1486 2319 redeuntes
1517 2283 1643 2320 tutos
1676 2272 1906 2330 facerent,

493 2353 576 2415 qui
604 2368 628 2396 e
661 2350 860 2397 navibus
890 2353 1146 2398 necessaria
1170 2350 1478 2398 deveherent.
1505 2352 1658 2414 Joppe
1680 2349 1912 2414 siquidem

495 2449 519 2476 a
554 2430 752 2477 Ramula
778 2432 910 2496 quasi
939 2443 1048 2481 Octo
1076 2431 1218 2479 distat
1239 2432 1491 2479 milliariis.
1528 2432 1680 2478 Porro
1716 2429 1915 2476 Ascalo-

495 2509 608 2555 nitae
634 2509 709 2555 vel
736 2508 996 2573 indigenae,
1025 2511 1105 2575 qui
1131 2510 1426 2575 vagabantur
1450 2511 1498 2557 in
1522 2509 1811 2565 montaneis,
1837 2508 1913 2554 vel

499 2588 545 2633 in
570 2587 732 2633 excisis
754 2599 1114 2651 praeruptorum
1134 2589 1388 2644 cuniculis,
1415 2589 1614 2634 viatores
1631 2586 1914 2650 aliquotiens

500 2664 843 2711 incursitabant
868 2676 914 2711 et
935 2666 1304 2713 obtruncabant.
1335 2666 1491 2712 Motus
1517 2665 1626 2721 iste,
1653 2664 1728 2711 vel
1748 2680 1915 2709 rumor

550 2840 598 2884 Ὶ’1)
619 2839 754 2885 Joppc,
776 2838 1011 2883 aujc)urd’i=.ui
1031 2839 1131 2872 Jassc..
