2085 3455
525 299 604 336 570
896 295 1141 334 HISTORIA
1171 295 1575 334 ECCLESIASTICA.
1670 298 1943 348 [1098-1131]

524 382 716 439 dentes,
758 382 1104 440 confuderunt,
1140 381 1342 446 ipsisque
1370 383 1651 446 peremptis,
1689 384 1943 448 spoliisque

524 458 748 524 direptis,
770 459 937 506 fratres
966 471 1107 525 atque
1132 459 1308 506 amicos
1326 459 1653 506 visitaverunt.
1677 460 1812 507 Tunc
1844 477 1944 507 om-

526 554 634 595 nes,
660 538 883 602 utrinque
902 538 1059 584 relatis
1083 536 1328 584 eventibus
1350 537 1614 601 prosperis,
1642 537 1785 601 gavisi
1807 548 1940 594 sunt,

526 625 572 660 et
592 615 932 678 triumphatori
951 616 1074 673 Deo,
1098 616 1178 680 qui
1200 625 1368 661 cuncta
1391 613 1691 661 laudabiliter
1708 613 1940 678 disponit,

526 692 776 739 immensas
799 692 955 740 laudes
974 710 1057 740 ore
1080 705 1127 740 et
1149 693 1291 740 corde
1311 692 1639 740 reddiderunt.

589 770 701 816 Post
725 781 940 816 mutuam
963 771 1335 818 collocutionem
1356 771 1558 818 fratrum
1581 782 1628 817 et
1651 771 1941 828 amicorum,

525 846 621 894 dux
646 847 903 894 Balduinus
922 848 1073 912 Rages
1095 850 1315 913 expetiit,
1341 860 1388 895 et
1418 850 1676 896 Ecclesiam
1698 850 1784 896 Dei
1810 866 1946 896 com-

524 927 814 991 missumque
833 926 922 972 sibi
942 927 1173 991 populum
1188 964 1200 984 ,
1228 938 1280 973 ut
1295 926 1444 974 dulcis
1460 928 1688 975 Patricius
1709 927 1941 974 educavit.

525 1004 776 1051 Finitimos
814 1003 993 1050 crebris
1026 1004 1366 1051 certaminibus
1402 1006 1582 1052 Turcos
1612 1006 1870 1069 oppressit,
1898 1015 1945 1051 et

525 1081 911 1129 Christianorum
937 1083 1052 1130 fines
1078 1082 1342 1147 profligatis
1370 1083 1750 1131 malefactoribus
1781 1082 1946 1129 dilata-

524 1161 611 1206 vit.
641 1161 835 1207 Clerum
868 1178 1059 1226 quoque
1091 1160 1321 1208 nobiliter
1344 1162 1496 1217 auxit,
1525 1161 1805 1208 necessarias
1833 1177 1945 1224 opes

524 1238 565 1283 ei
596 1238 937 1302 suppeditavit,
966 1258 1020 1286 ac
1046 1250 1099 1286 ut
1133 1238 1351 1286 divinum
1375 1240 1622 1286 servitium
1657 1239 1713 1286 ad
1747 1239 1946 1286 salutem

525 1315 822 1363 credentium
846 1317 1059 1382 quotidie
1078 1317 1424 1381 persolverent,
1442 1318 1642 1365 sollicite
1659 1317 1940 1365 obsecravit.

524 1394 642 1441 Fere
661 1396 872 1461 quinque
888 1397 1023 1443 annis
1037 1395 1259 1443 ducatum
1275 1397 1466 1443 sortiter
1485 1396 1638 1443 tenuit
1652 1397 1742 1462 (1).
1762 1394 1945 1442 Deinde

524 1472 792 1521 Godesredo
816 1475 950 1521 fratri
977 1492 1060 1521 suo
1086 1475 1135 1521 in
1164 1492 1314 1539 regno
1339 1475 1747 1538 Jerosolymorum
1771 1490 1946 1520 succes-

524 1552 610 1607 sit,
637 1551 765 1616 quod
789 1554 934 1599 serme
959 1570 1021 1599 xv
1046 1554 1208 1609 annis,
1235 1553 1383 1598 multa
1409 1551 1456 1598 in
1485 1553 1677 1617 paganis
1701 1553 1840 1599 fortia
1870 1567 1946 1615 ge-

524 1644 655 1686 renS,
684 1640 875 1675 strenue
910 1630 1036 1676 rexit
1068 1631 1157 1692 (2).
1191 1629 1260 1674 De
1294 1630 1510 1675 Turcana
1542 1630 1767 1693 conjuge,
1802 1645 1944 1692 quam

522 1704 685 1764 duxit,
717 1707 899 1753 nullam
932 1706 1146 1753 sobolem
1184 1706 1367 1752 habuit.
1394 1705 1532 1753 Unde
1565 1706 1849 1752 Balduinum
1886 1705 1944 1752 de

524 1783 671 1848 Burg,
695 1784 1037 1831 consobrinum
1057 1801 1210 1839 suum,
1235 1784 1281 1829 in
1301 1783 1473 1829 ducatu
1491 1794 1537 1829 et
1551 1800 1700 1847 regno
1717 1799 1945 1830 successo-

524 1878 627 1907 rem
655 1861 741 1908 sibi
772 1863 1020 1909 constituit
1046 1862 1138 1926 (3).
1172 1860 1353 1908 Deinde
1381 1862 1554 1919 Fulco,
1594 1860 1945 1925 Andegavensis

570 2016 622 2060 (1)
643 2016 694 2051 Ce
712 2015 841 2050 chiffre
858 2024 913 2051 est
931 2015 1166 2051 visiblement
1185 2017 1351 2063 exagere.
1372 2017 1420 2050 La
1437 2015 1667 2050 domination
1687 2015 1733 2049 de
1752 2015 1944 2050 Baudouin

524 2078 541 2109 Ξι
562 2067 693 2110 Edesse
716 2089 762 2110 ne
784 2083 875 2123 peut
899 2088 962 2123 pas
985 2083 1172 2111 remonter
1191 2076 1273 2123 plus
1293 2076 1383 2110 haut
1402 2076 1484 2123 qn’a
1505 2076 1701 2110 l⁷autonme
1722 2074 1768 2109 de
1790 2086 1891 2122 1097.
1913 2075 1944 2109 Il

527 2136 581 2170 fut
600 2136 658 2170 elu
678 2136 732 2170 roi
754 2136 799 2171 de
818 2136 1021 2171 Jerusalem
1041 2149 1120 2171 vers
1137 2136 1170 2171 le
1192 2137 1231 2172 18
1250 2137 1400 2172 octobre
1422 2149 1529 2180 1100,
1550 2143 1587 2171 ct
1603 2137 1791 2171 couronne
1810 2136 1843 2171 le
1856 2136 1944 2182 jour

525 2195 570 2229 (lc
589 2196 681 2231 Noel
697 2195 742 2230 dc
761 2196 792 2230 la
815 2196 933 2231 nieme
950 2198 1078 2231 annee.

570 2257 620 2301 (2)
653 2257 704 2292 Ce
732 2256 860 2291 chiffre
893 2257 983 2291 n'est
1017 2269 1078 2303 pas
1108 2256 1190 2303 plus
1220 2263 1324 2291 exact
1351 2268 1423 2304 que
1449 2255 1482 2290 le
1509 2255 1721 2303 precedent.
1751 2255 1943 2290 Baudouin

526 2315 656 2350 n'avait
680 2329 742 2363 pas
763 2315 915 2350 attendu
936 2316 969 2350 la
989 2316 1155 2351 nouvelle
1174 2316 1219 2350 de
1241 2327 1305 2350 son
1325 2315 1481 2350 election
1500 2328 1594 2362 pour
1614 2314 1702 2349 aller
1723 2314 1811 2349 faire
1830 2313 1943 2349 valoir

526 2386 579 2407 scs
600 2373 717 2408 droits
741 2375 759 2408 Ξι
784 2373 817 2407 la
839 2386 1028 2409 couronne
1051 2374 1097 2409 de
1119 2374 1339 2416 Jerusalem3
1362 2373 1388 2408 il
1411 2374 1499 2408 etait
1520 2373 1615 2420 parti
1636 2365 1805 2407 d’Edesse
1824 2372 1887 2407 des
1909 2372 1942 2407 le

525 2445 544 2466 μ)
564 2432 713 2467 octobre
738 2445 825 2467 1100
846 2449 851 2466 z
873 2434 1014 2468 Dolens
1028 2435 1302 2481 aliquantulum
1318 2433 1364 2467 de
1374 2433 1518 2480 fratris
1539 2439 1670 2476 morte,
1692 2439 1726 2466 et
1742 2433 1828 2478 plus
1848 2445 1943 2478 gau-

525 2490 618 2525 dens
635 2491 680 2525 dc
699 2491 934 2537 haereditate,
955 2492 1009 2527 (lit
1031 2504 1094 2527 son
1119 2493 1316 2535 historien‚
1341 2492 1512 2526 Foucher
1534 2491 1579 2525 de
1603 2491 1791 2526 ChartreS.
1817 2483 1886 2525 Elu
1908 2490 1940 2524 le

529 2552 568 2586 18
586 2551 634 2586 du
654 2551 772 2585 nieme
792 2553 905 2596 mois,
925 2554 1112 2588 couronne
1130 2553 1163 2587 lc
1184 2553 1226 2587 25
1245 2552 1456 2595 decembre,
1477 2563 1618 2586 comme
1634 2562 1726 2585 nous
1743 2562 1878 2585 venons
1897 2550 1920 2583 d

525 2611 557 2644 le
575 2610 673 2653 dire,
693 2611 719 2644 il
738 2617 889 2645 mourut
906 2611 995 2645 dans
1016 2611 1066 2645 les
1085 2612 1262 2658 premiers
1277 2611 1382 2656 jours
1400 2609 1525 2644 (l'avril
1547 2622 1558 2643 1
1571 2610 1647 2643 118.

573 2669 622 2717 (5)
646 2670 836 2705 Baudouin
850 2670 901 2705 du
916 2671 1057 2718 Bourg,
1079 2671 1269 2706 deuxienie
1287 2670 1341 2705 fils
1355 2670 1401 2705 de
1417 2671 1570 2716 Hugue,
1590 2676 1708 2704 comte
1724 2669 1769 2704 de
1785 2669 1937 2713 Rethel,

525 2730 581 2764 sut
601 2731 789 2764 couronne
812 2731 867 2765 roi
892 2730 937 2765 de
959 2730 1160 2766 Jerusalem
1183 2731 1215 2766 le.
1233 2731 1320 2777 jour
1342 2730 1387 2765 de
1410 2730 1568 2777 Pziques,
1596 2732 1637 2772 14
1658 2729 1747 2764 avril
1773 2729 1878 2774 1118,
1903 2737 1941 2764 et

525 2798 675 2825 mourut
692 2790 725 2825 le
745 2802 784 2825 21
807 2790 895 2826 aofit
914 2790 1015 2827 1151.
1034 2792 1104 2826 Par
1119 2804 1154 2826 sa
1172 2792 1272 2827 mere
1290 2790 1488 2827 Melisende
1505 2789 1549 2825 de
1567 2789 1767 2826 Montlheri
1780 2818 1789 2834 ,
1808 2790 1833 2824 il
1851 2790 1939 2826 etait

528 2850 843 2897 masin-germain
864 2850 909 2885 de
929 2851 1005 2885 Gui
1025 2852 1210 2886 Trousscl.
