2085 3455
608 301 682 336 178
973 299 1212 336 Hffi‘soRlA
1244 297 1645 336 EccfflslAs'rch,
1865 300 2003 349 [1084]

606 385 845 440 Hermete,
900 384 1151 441 Tiburcio,
1203 386 1420 442 Zenone,
1472 384 1756 440 Valentino,
1806 384 2003 449 aliisque

604 463 813 519 Sanctis,
843 479 1038 525 quorum
1059 480 1279 508 numerus
1303 462 1526 508 humanae
1544 462 1720 507 notitiae
1739 472 1807 507 est
1826 462 2003 508 incom-

599 537 959 603 prehensibilis?
978 540 1139 585 Fama
1159 538 1314 602 reffert,
1336 551 1380 584 et
1400 538 1731 600 adstipulatur
1747 540 2003 586 assertione

602 617 882 672 multorum,
933 617 1066 679 quod
1111 627 1209 662 tota
1253 617 1409 661 Roma
1443 614 1647 681 petficsa
1689 626 1755 662 est
1798 617 2002 680 pretioso

600 711 765 740 cruore
790 703 1076 753 martyrum,
1110 704 1153 738 et
1192 697 1238 738 in
1278 693 1465 738 latrinis
1498 694 1822 738 Rornanorum
1859 695 2002 739 innu-

600 789 730 817 mera
757 770 903 816 latent
933 787 1132 834 corpora
1159 769 1463 816 Sanctorum.
1501 770 1691 816 Eadem
1715 770 1999 829 crudelitas,

598 865 705 912 qna>
731 858 842 893 tunc
863 846 1179 908 grassabatur
1197 848 1246 892 in
1259 847 1499 909 paganis,
1530 863 1657 891 nunc
1680 846 2005 893 debacchatur

597 928 644 969 in
651 921 808 987 falsis
826 923 1125 980 christianis,
1153 925 1236 987 qui
1257 923 1522 986 cupiditate
1548 922 1696 968 illecti
1697 920 1874 985 favent
1889 941 2004 988 pro-

578 1000 754 1063 sanis,
782 1012 826 1047 et
864 1011 1027 1047 contra
1063 999 1352 1047 catholicam
1386 999 1663 1045 Ecclesiam
1697 999 2004 1046 auxiliantur

595 1080 825 1125 haereticis
845 1080 1044 1125 insanis.
1067 1078 1223 1125 Nulla
1249 1079 1396 1140 igitur
1409 1079 1567 1141 pietas
1591 1080 1655 1124 eis
1680 1078 2001 1143 impendenda

595 1170 677 1204 est.
709 1158 870 1203 Ultore
885 1157 1055 1221 gladio
1076 1158 1244 1221 impios
1254 1159 1459 1221 puniam
1472 1194 1483 1212 ,
1506 1167 1748 1202 cruentam
1768 1157 1999 1203 civitatem

596 1239 705 1298 igne
753 1234 1043 1281 succendam
1058 1270 1071 1291 ,
1121 1245 1164 1279 et
1219 1233 1607 1299 Trans-Alpinis
1650 1232 1871 1297 gentibus
1925 1251 2000 1279 re-

593 1312 824 1377 plendam
838 1351 850 1369 ,
874 1311 1140 1377 opitulante
1161 1311 1266 1356 Deo
1282 1350 1295 1368 ,
1323 1310 1559 1356 meliorem
1579 1312 1817 1356 restituam
1844 1310 1933 1372 (1).

660 1391 794 1435 Tunc
814 1389 936 1452 Papa
955 1387 1011 1433 ad
1031 1387 1169 1451 pedes
1188 1386 1317 1433 ducis
1338 1387 1543 1444 corruit,
1566 1386 1873 1449 lacrymisque
1888 1403 1997 1448 pro-

593 1469 716 1513 fusus
735 1467 800 1512 ait
818 1485 828 1511 .·
849 1465 990 1512 Absit
1002 1465 1091 1511 lzoc
1109 1483 1140 1510 a
1160 1482 1250 1520 me,
1269 1475 1318 1510 ut
1332 1466 1491 1511 Roma
1508 1464 1784 1510 destruatur
1795 1481 1884 1527 pro
1903 1466 2000 1509 me!

593 1545 703 1592 Non
736 1545 861 1590 enim
885 1544 955 1589 aa'
984 1543 1349 1588 destructionem
1386 1541 1539 1599 urbis,
1567 1541 1654 1587 sed
1672 1542 1744 1587 ad
1768 1541 1999 1588 salvatio-

595 1640 701 1669 nem
724 1623 899 1668 electus
921 1639 1025 1666 sum
1042 1619 1213 1685 plebis.
1244 1619 1380 1665 Malo
1401 1620 1661 1665 Dominum
1687 1630 1892 1665 nostrum
1917 1619 2002 1664 Je-

593 1720 700 1747 sum
729 1700 967 1745 Christum
992 1709 1139 1745 morte
1163 1700 1322 1761 sequi,
1364 1715 1504 1761 quam
1541 1697 1869 1762 peccatoribus
1898 1715 1999 1760 pu-

596 1781 705 1825 nitis
736 1781 937 1842 injurias
968 1794 1098 1822 meas
1122 1779 1334 1840 nequiter
1366 1775 1550 1821 ulcisci.
1584 1775 1801 1821 Creatori
1827 1776 2002 1839 quippe

595 1866 756 1901 nostro
784 1856 1009 1900 contrarii
1032 1865 1164 1910 sunt,
1196 1854 1280 1916 qui
1304 1862 1484 1898 statuta
1506 1853 1609 1916 ejus
1633 1851 1928 1916 despiciunt,
1958 1862 2000 1897 et

595 1932 805 1977 ordinem
845 1930 1083 1977 Ecclesiae
1128 1929 1413 1975 truculenter
1454 1929 1741 1994 impediunt,
1779 1929 2001 1975 Domini-

596 2026 796 2073 cumque
818 2025 1031 2072 gregem,
1060 2019 1112 2053 ut
1137 2007 1237 2072 lupi
1261 2024 1489 2072 rapaces,
1519 2006 1816 2071 dispergunt.
1837 2006 2000 2071 Ipsius

596 2086 819 2131 nimirum
843 2095 910 2130 est
928 2084 1111 2148 injuria
1131 2095 1173 2129 et
1200 2083 1311 2129 ultio
1325 2121 1339 2140 ,
1359 2084 1561 2129 servitus
1585 2099 1771 2146 quoque
1799 2092 1842 2128 et
1865 2083 2000 2128 retri-

597 2162 740 2208 butio.
783 2162 930 2207 Novit
959 2162 1064 2223 pios
1102 2161 1318 2218 clientes,
1365 2171 1407 2205 et
1448 2159 1667 2206 abhorret
1702 2159 2023 2205 adversarios*

580 2239 821 2304 furentes.
843 2239 891 2284 E
892 2239 971 2302 jus
990 2240 1137 2302 igitur
1155 2242 1283 2284 omni
1282 2239 1504 2302 potentiae
1522 2255 1604 2283 nos
1628 2248 1671 2282 et
1693 2248 1858 2283 nostra
1879 2253 2002 2283 com-

596 2320 879 2366 mendamus
890 2356 905 2376 ,
933 2331 975 2365 et
995 2320 1132 2366 corde
1154 2319 1366 2366 benivolo
1385 2336 1639 2365 escoramus
1666 2329 1715 2362 ut
1735 2318 1832 2382 legi
1847 2334 1999 2363 sacra?

597 2398 902 2446 adversantia
929 2398 1144 2443 censorio
1167 2415 1275 2443 ense
1300 2396 1564 2453 rescindat,
1590 2406 1633 2440 et
1658 2412 1743 2440 nos
1771 2394 1840 2439 ad
1860 2394 1999 2439 bene-

590 2476 828 2542 placitam
848 2475 1142 2521 voluntatem
1162 2492 1299 2520 suam
1320 2474 1500 2537 dirigat
1519 2473 1611 2535 (2).

641 2674 691 2718 (ι)
722 2672 814 2705 Dans
840 2683 878 2704 ce
908 2670 1070 2704 discours
1085 2698 1093 2711 ,
1125 2677 1228 2705 notre
1249 2677 1379 2703 auteur
1396 2681 1415 2701 a
1437 2668 1518 2716 plus
1545 2667 1702 2702 cherchi}
1725 2669 1744 2701 ἐι
1768 2667 1857 2701 faire
1875 2665 1999 2700 briller

597 2731 805 2766 l'e'rudition
824 2730 1142 2777 hagiographique
1166 2730 1211 2764 de
1230 2730 1367 2764 Robert
1387 2741 1456 2775 quo
1475 2727 1506 2761 la
1529 2726 1691 2761 douceur
1710 2726 1754 2760 dv
1772 2737 1826 2760 ses
1848 2736 1995 2759 moeurs.

642 2792 691 2835 (Ἰ)
723 2790 822 2824 Nous
852 2802 896 2823 no
923 2800 1076 2835 pensons
1102 2802 1162 2835 pas
1188 2788 1274 2835 [1qu
1298 2790 1347 2822 ait
1366 2789 1422 2821 ἐξιεῖ
1443 2786 1530 2820 dans
1556 2786 1605 2819 les
1627 2783 1820 2819 habitudes
1839 2784 1884 2817 de
1904 2783 1997 2817 Gre-
