2085 3455
624 306 701 342 305
986 301 1226 339 Hismara
1258 298 1656 338 ECCLESIASTICA,
1753 286 2017 352 [ΠΜ-1088]

624 392 743 436 tium
765 389 1104 435 miraculorum
1138 388 1268 450 copia
1306 386 1532 433 divinitus
1568 396 1750 431 ostensa
1782 395 1866 430 est.
1904 385 2021 433 Nam

622 468 792 531 leprosi
828 465 884 512 de
921 483 1064 530 aqua,
1104 464 1226 511 unde
1267 481 1436 527 corpus
1469 464 1566 526 ejus
1601 462 1814 508 ablutum
1843 463 2018 520 fuerat,

621 545 883 608 petierunt3
908 561 997 607 qua
1023 553 1292 599 consecuta,
1320 540 1521 587 fideliter
1544 540 1626 587 loti
1650 550 1780 597 sunt,
1804 551 1850 586 et
1874 541 2023 605 opitu-

624 623 746 668 lante
767 623 866 668 Deo
888 621 1105 685 protinus
1126 618 1339 665 mundati
1367 629 1493 664 sunt„

686 700 850 746 Victor
865 700 1003 761 Papa,
1019 708 1267 761 postquam
1283 697 1463 759 apicem
1482 695 1785 760 pontificatus
1800 694 2022 752 ascendit,

620 779 822 841 primam
856 777 1042 822 missam
1069 775 1117 821 in
1150 775 1224 820 (lie
1255 785 1416 820 sancto
1439 775 1726 820 Pentecostae
1756 773 2027 820 solemniter

621 866 809 901 eantare
835 855 996 917 coepit.
1024 852 1112 899 Sed
1137 852 1323 898 occulto
1349 852 1433 897 Dei
1454 862 1574 896 nutu
1592 867 1783 914 gravem
1806 849 2028 897 morbum

619 932 773 979 subito
798 931 1017 977 incurrit.
1044 929 1163 974 Nam
1188 929 1362 974 diarria
1387 939 1608 992 cogente,
1635 939 1705 974 ter
1729 927 1785 974 ad
1810 927 2026 973 latrinam

618 1009 674 1055 de
696 1009 831 1053 missa
856 1007 1024 1053 ductus
1057 1018 1150 1062 est,
1186 1017 1231 1052 et-
1261 1007 1325 1051 sic
1354 1006 1401 1051 in
1424 1016 1597 1068 papatu
1627 1006 1705 1051 vix
1730 1023 1820 1050 una
1846 1015 2025 1051 tantum

618 1085 752 1130 missa
778 1083 1068 1146 perfunctus.
1104 1082 1190 1126 Hic
1221 1099 1406 1145 magnae
1432 1081 1695 1127 nobilitatis
1721 1092 1766 1127 et
1790 1081 2026 1144 sapientiae

616 1163 703 1208 suit
730 1179 782 1206 ac
808 1160 1074 1224 religionis,
1107 1158 1478 1222 coenobiumque
1513 1159 1659 1205 sancti
1691 1159 1837 1222 patris
1874 1158 2028 1205 Bene-

616 1238 752 1294 dicti,
779 1236 906 1300 quotl
933 1237 978 1281 in
1006 1237 1169 1282 Monte
1195 1235 1383 1281 Cassino
1411 1245 1736 1282 constructum
1765 1245 1859 1291 est,
1885 1235 2028 1298 longo

618 1328 831 1379 tempore
864 1313 1004 1360 rexit.
1046 1313 1159 1359 lude
1196 1313 1252 1358 ad
1289 1313 1597 1376 praesulatum
1634 1323 1918 1376 assumptus,
1954 1329 2031 1359 re-

618 1404 781 1456 pente,
804 1403 857 1437 ut
874 1391 1075 1437 diximus
1089 1426 1101 1446 ,
1123 1390 1386 1436 infirmatus
1401 1400 1485 1435 est.
1505 1391 1559 1435 In
1574 1389 1857 1454 aegritudine
1874 1400 2028 1435 tamen

617 1489 640 1516 a
664 1470 936 1516 Pentecoste
960 1484 1104 1532 usque
1130 1467 1187 1513 ad
1219 1477 1469 1531 augustum
1498 1467 1748 1531 languens,
1785 1466 2030 1513 defunctus

619 1557 686 1592 est
702 1546 791 1608 (Ι).
807 1546 912 1604 Quo
925 1544 1007 1590 des
1006 1554 1165 1599 uncto,
1183 1544 1422 1589 Romanus
1440 1544 1591 1590 clerus
1603 1545 1845 1601 convenit,
1859 1555 1906 1590 et
1916 1543 2029 1590 Odo-

620 1640 750 1682 nem,
773 1640 828 1669 ex
851 1621 1085 1668 monacho
1107 1622 1357 1684 praesulem
1380 1621 1659 1678 Ostiensem,
1690 1622 1736 1668 in
1760 1622 2027 1679 Urbanum,

620 1701 889 1747 Romanum
910 1700 1100 1762 Papam,
1129 1699 1271 1762 elegit
1292 1699 1381 1762 (2).
1405 1700 1543 1744 Hunc
1567 1700 1690 1745 Deus
1712 1700 1854 1746 Israel
1874 1699 2032 1745 maxi-

619 1795 751 1822 mum
770 1776 1039 1839 principem
1060 1786 1226 1821 contra
1253 1774 1520 1838 Allophilos
1537 1778 1605 1837 (5)
1625 1775 1871 1822 constituit
1887 1811 1898 1831 ,
1926 1786 2032 1821 tur-

621 1869 816 1916 remque
839 1849 987 1896 David
1022 1868 1129 1896 cum
1162 1851 1532 1914 propugnaculis
1562 1862 1727 1898 contra
1751 1852 1916 1898 faciem
1938 1851 2032 1896 Da-

620 1931 760 1977 masci
781 1931 852 1993 (Δ)
872 1930 1126 1976 commisit.
1144 1930 1231 1975 Hic
1255 1941 1355 1975 erat
1377 1930 1569 1976 natione
1584 1929 1768 1983 Gallus,
1787 1928 2033 1976 nobilitate

621 2019 667 2053 et
687 2006 1044 2053 mansuetudine
1071 2006 1247 2061 clarus,
1269 2007 1382 2053 civis
1399 2007 1642 2052 Remensis
1661 2007 1730 2069 (5)
1744 2043 1754 2061 ,
1778 2005 2032 2052 monachus

669 2205 718 2248 (1)
737 2203 785 2237 Le
809 2201 849 2236 16
868 2202 1073 2248 septembre
1090 2202 1134 2236 de
1155 2202 1186 2236 la
1205 2202 1324 2237 meme
1343 2204 1472 2237 annee.
1492 2203 1542 2237 Ce
1560 2214 1653 2249 pape
1672 2203 1759 2237 etait
1776 2215 1821 2237 en
1840 2201 1923 2237 effet
1940 2202 1984 2236 de
2002 2201 2032 2235 la
2084 2228 2085 2244 2

624 2261 758 2296 familie
775 2261 837 2295 des
854 2268 992 2295 comtes
1011 2261 1056 2295 de
1075 2261 1241 2307 Capoue‚
1267 2269 1303 2296 et
1319 2261 1564 2296 administrait
1581 2262 1614 2296 le
1632 2263 1835 2297 monastere
1848 2262 1898 2296 du
1916 2262 2032 2296 Mont-
2083 2259 2085 2302 J

625 2322 768 2363 Cassia,
789 2320 951 2367 lorsqu'il
969 2321 1042 2363 fut,
1066 2320 1204 2367 malgre
1223 2332 1258 2355 sa
1277 2321 1413 2367 longue
1430 2322 1642 2364 re'sistance,
1663 2321 1759 2356 eleve
1776 2323 1794 2355 a
1815 2321 1847 2355 la
1864 2322 2029 2367 papaute.
2083 2307 2085 2313 ,

669 2379 720 2424 (2)
748 2378 890 2412 Urbain
921 2379 957 2412 ΙΙ
990 2378 1142 2422 (Odon,
1175 2380 1310 2426 eveque
1340 2378 1504 2423 d’Ostie)
1534 2380 1597 2423 (12
1634 2391 1730 2413 mars
1764 2379 1918 2426 1088-29
1944 2377 2031 2424 juil-
2082 2392 2083 2401 ¹

625 2438 674 2472 let
698 2439 818 2485 ¹099)·

670 2496 720 2542 (5)
738 2497 803 2531 Les
820 2497 1033 2532 adorateurs
1052 2497 1194 2532 d’Allah
1206 2526 1214 2540 ,
1238 2498 1288 2532 les
1309 2498 1570 2532 mahometans.

674 2558 727 2603 (4)
753 2559 855 2592 Cant.
881 2558 1035 2601 Cautio„
1059 2558 1126 2600 IV,
1150 2561 1182 2600 4.
2078 2600 2079 2605 ¹

672 2615 721 2661 (5)
744 2615 885 2650 Urbain
905 2617 940 2650 II
960 2617 1049 2651 etait
1069 2629 1114 2651 en
1137 2617 1219 2651 effet
1241 2618 1456 2664 originaire,
1483 2617 1587 2651 sinon
1614 2617 1658 2651 de
1681 2617 1714 2651 la
1732 2617 1833 2661 ville,
1854 2629 1899 2651 au
1918 2615 2030 2651 moins

627 2675 676 2709 du
694 2675 878 2710 territoire
895 2675 940 2710 de
958 2675 1094 2710 Reims.
1121 2677 1183 2711 On
1203 2677 1294 2711 croit
1313 2677 1402 2724 qu'il
1420 2677 1547 2723 naquit
1564 2678 1581 2710 a
1602 2677 1759 2711 Bainson
1778 2676 1879 2722 (pres
1896 2674 2031 2710 Chatil-
2075 2722 2077 2725 ι

627 2736 956 2781 lon-sur-Marue)‚
978 2736 1067 2771 dont
1089 2748 1151 2771 son
1174 2739 1257 2783 pere
1280 2737 1422 2772 Eucher
1441 2738 1527 2772 etait
1548 2737 1729 2783 seigneur,
1746 2737 1838 2771 aussi
1859 2736 1941 2771 bien
1963 2745 2029 2781 que

628 2794 672 2829 de
693 2796 829 2840 Lageri.
