2033 3445
58 332 194 383 [1087]
513 325 678 365 LIBER
706 324 972 364 SEPTIMUS.
1378 329 1456 365 ρος)
1514 325 1519 329 ·

54 415 286 481 prosequi,
308 414 424 477 qnia
442 414 614 458 divinas
627 411 860 474 placitum
879 427 974 456 non
996 421 1064 456 est
1082 412 1336 473 majestati.
1363 412 1459 458 Τα-

57 510 160 540 men
172 490 406 557 probate:
428 507 536 536 ecce
556 489 689 534 locus
709 488 729 550 (
741 489 798 550 i).
827 489 927 534 Hoc
950 486 1182 539 dicentes,
1206 504 1304 534 non
1329 505 1461 550 posse

57 569 157 615 fieri
183 565 411 631 putabant
440 563 566 629 quod
592 564 660 609 illi
687 562 926 610 volebant.
955 562 1077 608 Nam
1099 562 1194 608 fere
1224 580 1274 609 cc
1308 563 1464 626 olym-

57 645 246 710 piadum
264 643 496 690 curricula
519 642 831 697 transierant,
853 657 908 686 ex
929 657 1024 705 quo
1044 640 1204 686 beatus
1225 641 1461 695 Nicolaus‚

58 723 137 789 qui
152 723 198 769 in
213 722 403 768 Nicaena
418 719 612 783 synodo,
630 719 717 765 sub
733 719 816 765 bea
825 729 871 765 to
885 719 1112 765 Silvestro
1123 719 1264 782 Papa,
1284 729 1330 764 et
1347 719 1468 765 Cou-

59 799 264 847 stantino
293 796 531 861 principe,
563 797 679 842 sacta
703 796 839 842 fuisse
871 796 1062 860 legitur,
1088 796 1145 841 de
1168 795 1349 842 mundo
1372 796 1469 841 mi-

60 878 211 943 gravit
249 877 347 940 (2),
394 875 645 939 nullusque
682 874 740 921 de
781 874 993 939 reliquiis
1030 875 1125 938 ejus
1167 875 1238 920 vel
1286 875 1470 921 occulte

59 956 228 1011 furari,
265 954 339 999 vel
377 953 617 999 manifeste
652 951 831 998 viribus
868 969 1057 1016 rapere,
1094 953 1166 999 vel
1206 970 1229 997 a
1264 953 1472 998 Domino

59 1031 276 1098 precibus
317 1031 463 1076 valuit
510 1025 733 1076 hactenus
777 1031 1046 1094 impetrare.
1094 1031 1319 1077 Barenses
1359 1047 1473 1077 vero

60 1109 316 1175 pavebant,
352 1109 460 1173 quia
494 1108 541 1154 in
576 1119 803 1155 extraneo
839 1109 943 1155 loco
976 1111 1109 1171 pauci
1147 1109 1272 1154 inter
1299 1109 1473 1155 multos

60 1198 218 1244 erant,
263 1197 309 1231 et
351 1186 419 1232 sol
462 1184 518 1230 ad
556 1202 772 1231 occasum
814 1184 1068 1249 vergebat,
1111 1185 1382 1250 reditusque
1417 1186 1473 1231 ad

61 1281 200 1312 naves
223 1262 535 1311 formidabilis
564 1274 681 1308 erat.
717 1261 805 1308 Sed
832 1261 905 1318 hi,
936 1262 1164 1309 divinitus
1190 1264 1471 1319 confortati,

60 1344 218 1407 primo
240 1341 498 1389 monachos
519 1339 960 1404 comprehendunt,
994 1351 1243 1406 tentosque
1273 1341 1474 1387 solerter

62 1420 348 1468 custodiunt.
391 1419 715 1483 Speculatores
754 1434 943 1482 quoque
982 1418 1159 1464 cautius
1199 1430 1471 1481 exponunt,

63 1498 142 1562 qui
178 1495 384 1560 undique
419 1495 659 1541 venientes
698 1494 1028 1557 prospiciunt,
1070 1504 1115 1539 et
1158 1494 1240 1557 ipsi
1282 1494 1392 1540 hinc
1430 1506 1477 1540 ct.

66 1575 171 1620 inde
209 1591 316 1619 cum
348 1573 490 1618 armis
524 1572 657 1617 divisi
695 1588 778 1634 per
816 1572 1027 1617 tramites
1056 1581 1198 1616 stant.
1240 1570 1477 1619 Audacter

65 1652 220 1715 itaque
246 1649 513 1714 probissimi
539 1650 736 1712 juvenes
763 1665 822 1695 XL
848 1659 895 1694 et
928 1665 975 1694 lv
1002 1649 1072 1711 (3)
1097 1649 1212 1695 soris
1243 1648 1299 1695 ad
1335 1650 1475 1696 resis-

64 1729 257 1775 tendum
278 1729 427 1792 parati
448 1738 595 1782 stant,
625 1738 672 1773 et
689 1726 784 1773 duo
805 1725 1063 1790 presbyteri
1085 1746 1095 1772 ε
1116 1727 1273 1790 Lupus
1297 1738 1344 1773 et
1368 1728 1475 1773 Gri-

63 1806 287 1854 moaldus.
315 1824 421 1854 cum
447 1806 604 1869 paucis
627 1805 728 1851 aliis
749 1806 794 1851 in
816 1805 1023 1852 Ecclesia
1045 1823 1150 1869 quae
1169 1805 1345 1870 agenda
1368 1818 1477 1853 sunt

63 1895 349 1948 procurant,
393 1895 438 1930 et
475 1900 660 1946 preces,
699 1899 805 1947 quae
847 1883 1055 1929 Letaniae
1096 1894 1351 1939 vocantur,
1398 1885 1474 1930 in-

64 1961 249 2009 choant.
278 1961 367 2008 Sed
392 1962 541 2007 nimio
560 1961 732 2007 timore
756 1961 991 2023 correpti,
1020 1959 1147 2025 quod
1168 1960 1469 2019 inchoarant,

64 2038 228 2085 elarius
251 2039 517 2102 exprimere
543 2055 639 2084 non
665 2048 886 2100 poterant
906 2038 996 2100 (4).

106 2216 156 2261 (1)
175 2216 240 2250 Les
259 2227 457 2262 voyageurs
484 2213 723 2261 repondirent
741 2214 847 2261 qu’ils
874 2215 1016 2249 avaient
1041 2215 1190 2250 mission
1224 2227 1391 2262 expresse
1420 2215 1470 2250 ‹lu

63 2274 177 2321 pape,
200 2287 291 2309 venu
315 2281 394 2308 tout
411 2275 539 2320 expres
556 2275 574 2307 a
593 2273 694 2315 Bari,
716 2272 954 2317 disaicnt-ils,
977 2286 1071 2320 pour
1092 2273 1143 2308 les
1160 2274 1316 2320 charger
1342 2275 1387 2309 de
1415 2282 1471 2309 cet

64 2332 296 2377 enlevemcnt,
316 2335 334 2367 a
353 2333 385 2367 la
400 2333 495 2367 suite
515 2332 561 2367 de
579 2332 733 2366 maintes
753 2332 886 2366 visions
904 2339 941 2367 et
961 2332 1190 2367 revelations.

108 2393 157 2437 (2)
189 2392 250 2428 On
279 2405 323 2427 ne
354 2392 499 2426 counait
527 2404 589 2438 pas
619 2398 846 2427 exactement
871 2391 1039 2439 l'e'poque
1058 2392 1103 2427 de
1130 2392 1163 2426 la
1191 2399 1289 2427 mort
1308 2392 1358 2426 du
1377 2393 1470 2428 saint

64 2451 195 2499 cveque
212 2451 256 2486 de
273 2452 389 2497 Myro.
409 2454 439 2486 A
463 2452 580 2498 partir
595 2451 645 2485 du
664 2451 802 2486 concile
817 2450 862 2485 de
880 2451 1011 2495 Nicde,
1033 2451 1093 2497 ily
1113 2452 1205 2486 avait
1223 2459 1306 2486 cent
1323 2459 1471 2499 quatre-

64 2512 245 2559 vingt-dix
269 2511 492 2559 olympiades
521 2519 557 2547 et
586 2512 705 2546 (lemie
734 2511 937 2546 (l'ecoulces
962 2512 1063 2559 (sept
1082 2519 1166 2547 cent
1189 2512 1469 2548 soixante-deux

63 2574 161 2615 ans).

109 2630 157 2677 (5)
174 2632 225 2667 Ce
245 2631 372 2666 cliiffre
396 2639 449 2666 est
468 2631 695 2666 visihlement
725 2632 895 2677 exegere,
923 2631 1113 2679 puisqu’ils
1139 2632 1313 2667 n’etaient
1330 2645 1374 2667 cn
1393 2639 1471 2667 tout

64 2703 133 2738 que
151 2699 439 2739 quarante-sept.

109 2751 157 2795 (4)
174 2752 224 2786 Co
243 2751 348 2786 verbe
365 2759 414 2787 est
436 2753 510 2798 pris
529 2752 573 2786 ici
591 2751 679 2787 dans
700 2751 731 2785 le
750 2763 830 2786 sens
847 2751 1068 2786 ‹l’m-ticulor.

161 2828 230 2856 ιιι.
1227 2815 1274 2870 xl,
