2033 3445
56 300 268 351 [943-944]
562 298 714 337 LIBER
742 297 950 336 sExrus.
1406 300 1451 335 91

55 396 265 449 putaret,
302 386 470 431 timens
502 399 559 429 ne
589 383 726 446 Hugo
753 382 952 446 Magnus
977 381 1344 427 Aurelianorum
1368 382 1461 428 dux

58 463 355 510 Normannos
387 459 652 524 adjuvaret,
692 457 883 504 Oximos
919 468 965 503 et
998 458 1186 521 Bajocas
1221 474 1329 503 cum
1362 469 1464 505 toto

57 537 397 586 Constantiensi
424 553 544 600 pago
562 552 709 600 usque
727 535 784 581 ad
808 536 1023 581 Montem
1043 535 1200 582 Sancti
1225 534 1466 581 Michaelis

60 616 106 661 in
122 613 336 661 Periculo
356 612 498 659 Maris
518 612 669 659 eidem
690 611 910 669 donavit,
937 623 983 659 et
1007 613 1255 676 imperiose
1277 611 1467 658 manda-

57 693 124 738 vit
146 702 197 737 ut
223 689 371 737 valida
396 708 539 736 manu
565 689 763 736 rebelles
788 690 1091 737 Normannos
1117 690 1390 754 impeteret,
1419 700 1466 736 et

57 767 226 832 oppida
243 785 407 814 eorum
426 767 513 813 sibi
534 779 722 814 strenue
744 767 983 830 subigeret
1003 769 1092 830 (1).
1116 766 1252 827 Quod
1275 767 1466 814 audiens

57 845 248 909 cupidus
283 845 493 891 marchio
530 845 784 900 exultavit,
823 844 1000 891 foedera
1036 862 1143 891 cum
1176 845 1469 891 Normannis

56 924 170 971 olim
194 934 324 986 pacta
352 921 556 968 libenter
579 923 738 985 rupit,
774 932 820 968 et
854 923 1070 986 regiones
1101 939 1268 969 eorum
1290 939 1465 986 magno

58 1018 161 1047 cum
195 1000 401 1047 exercitu
438 999 671 1046 hostiliter
707 1000 872 1045 invasit
905 1001 993 1063 (2).
1031 999 1170 1064 Apud
1209 1000 1465 1047 Guaceium

57 1076 249 1140 propria
273 1093 379 1122 cum
404 1075 576 1121 familia
604 1078 700 1139 ipse
728 1075 822 1122 dux
851 1075 1110 1140 hospitatus
1133 1087 1223 1132 est,
1253 1088 1299 1123 et
1323 1092 1467 1122 exer-

59 1155 174 1201 citus
205 1154 326 1200 illius
357 1154 527 1217 passim
558 1170 644 1217 per
676 1153 968 1216 provinciam
999 1153 1192 1200 diffusus
1219 1165 1302 1199 est.
1332 1154 1467 1199 Tunc

57 1232 308 1278 Herluinus
351 1231 653 1278 cancellarius
692 1231 853 1286 ducis,
897 1242 942 1276 et
983 1230 1206 1278 Radulsus
1244 1231 1300 1277 de
1342 1231 1467 1277 Dra-

60 1309 190 1373 giaco
222 1311 292 1371 (3)
325 1309 515 1355 Uticum
549 1307 869 1365 diverterunt,
904 1318 951 1354 et
988 1309 1036 1355 in
1068 1309 1292 1356 coenobio
1321 1309 1466 1355 sancti

60 1386 245 1433 Ebrulfi
275 1386 550 1433 confessoris
582 1385 801 1449 hospitati
834 1396 959 1431 sunt.
995 1386 1147 1431 Erant
1180 1385 1319 1432 ambo
1351 1386 1468 1432 reli-

60 1465 202 1527 giosi,
234 1474 279 1510 et
304 1464 350 1509 in
378 1464 548 1509 timore
572 1463 653 1509 Dei
679 1461 890 1508 studiosi.
922 1463 1186 1509 Tantorum
1213 1463 1367 1526 itaque
1391 1462 1468 1507 vi-

60 1559 223 1588 rorum
243 1540 445 1587 adventu
463 1541 696 1603 simplices
711 1539 930 1586 monachi
953 1540 1094 1586 laetati
1114 1551 1240 1595 sunt,
1263 1551 1308 1586 et
1327 1557 1469 1587 omne

60 1619 150 1664 illis
178 1618 381 1664 officium
413 1619 616 1664 caritatis
641 1635 730 1681 pro
761 1634 893 1680 posse
922 1635 1005 1665 suo
1033 1617 1304 1682 benigniter
1332 1617 1468 1663 exhi-

59 1696 281 1742 buerunt.
319 1697 408 1742 Per
442 1696 640 1759 capellas
671 1707 716 1743 et
745 1697 953 1743 oratoria
987 1713 1064 1743 sua
1095 1706 1234 1760 atque
1266 1697 1468 1759 privatas

60 1774 180 1821 aedes
208 1792 284 1822 eos
306 1775 598 1820 familiariter
621 1773 941 1829 deduxerunt,
968 1773 1369 1838 phylacteriasque
1396 1774 1466 1837 (ss)

108 1970 159 2012 (ι)
183 1968 296 2002 Notre
317 1974 446 2001 auteur
472 1973 637 2001 remonte
662 1967 708 2000 ici
734 1968 753 2000 ἐι
770 1966 936 2013 l'epoque
954 1968 1002 2001 on
1027 1967 1058 2001 le
1085 1968 1139 2001 roi
1160 1968 1250 2001 avait
1270 1969 1424 2014 propose
1448 1969 1467 2001 a

62 2027 196 2073 Hugue
224 2025 269 2059 de
292 2037 328 2059 se
347 2031 517 2072 partager
535 2025 567 2059 la
588 2024 829 2067 Romamne,
855 2024 1082 2059 c'est-iz-dire
1105 2038 1172 2060 aux
1192 2025 1356 2060 derniers
1375 2026 1467 2060 mois

63 2085 107 2119 de
123 2084 203 2132 943,
225 2084 255 2118 Il
273 2085 414 2130 assigne
432 2096 503 2119 une
527 2084 639 2119 duree
657 2083 702 2119 de
728 2085 818 2119 trois
844 2097 908 2118 ans
926 2086 945 2118 a
965 2084 996 2118 la
1018 2085 1188 2131 captivitc'
1215 2085 1260 2119 de
1277 2084 1438 2119 Richard
1453 2113 1461 2127 ‚

62 2155 132 2190 que
158 2155 249 2178 nous
279 2143 468 2177 reduisons
485 2146 503 2177 a
521 2142 615 2177 deux
631 2155 693 2177 ans
717 2150 752 2177 ct
768 2143 864 2177 domi
890 2155 937 2177 ou
960 2145 978 2177 a
1001 2143 1168 2178 (lix-huit
1194 2144 1303 2185 mois,
1325 2144 1465 2178 suivant

61 2203 171 2250 qu'on
187 2202 323 2237 voudra
341 2202 373 2236 la
390 2202 478 2237 faire
498 2202 612 2249 partir
631 2201 675 2236 de
695 2201 727 2236 la
750 2203 900 2237 victoire
917 2214 979 2236 sur
998 2202 1187 2237 Tui-mode
1206 2216 1253 2237 ou
1270 2203 1314 2237 (le
1334 2203 1467 2250 l’expe-

61 2261 178 2297 dition
195 2265 215 2297 a
231 2262 360 2297 Rouen
377 2262 422 2297 de
439 2265 518 2309 944.
542 2262 570 2296 ll
587 2275 610 2308 y
627 2268 691 2297 ent
709 2264 728 2296 a
746 2262 888 2308 Bayeux
906 2275 956 2296 un
983 2262 1098 2310 grand
1127 2275 1280 2310 carnage
1305 2262 1368 2298 des
1395 2264 1465 2297 sei-

63 2335 195 2368 gneurs
222 2323 395 2370 srancais,
425 2323 514 2356 dans
537 2321 655 2369 lequel
687 2321 840 2356 Herluin
870 2322 925 2356 sut
951 2322 1170 2369 enveloppe,
1192 2335 1333 2357 comme
1361 2330 1467 2368 ayant

62 2381 156 2416 trahi
177 2382 225 2416 les
245 2382 394 2417 interets
412 2382 474 2416 des
500 2379 705 2415 Rormands
724 2393 788 2426 par
806 2393 841 2415 sa
859 2381 1081 2416 connivence
1097 2394 1180 2416 avec
1208 2382 1240 2416 le
1259 2382 1314 2416 roi
1332 2389 1367 2417 et
1385 2394 1466 2416 avec

63 2441 215 2476 Arnoul.

108 2501 157 2546 (2)
173 2501 277 2536 Cette
289 2502 450 2536 invasion
464 2501 509 2535 de
527 2500 559 2534 la
573 2498 796 2534 Normandie
811 2500 1176 2548 Transse'quanienne
1192 2499 1259 2535 dut
1277 2501 1375 2535 avoir
1392 2500 1464 2535 lien

63 2572 106 2594 au
133 2561 334 2608 printemps
356 2560 400 2596 de
423 2564 510 2609 944,
534 2560 694 2608 pendant
717 2571 788 2607 que
811 2559 843 2593 le
867 2560 921 2594 roi
940 2561 1158 2595 envahissait
1180 2560 1225 2595 de
1250 2573 1313 2595 son
1333 2561 1412 2595 cote
1434 2560 1464 2594 la

64 2620 177 2664 partie
195 2619 238 2654 de
256 2620 289 2654 la
307 2620 531 2655 lN'ormandie
553 2622 667 2655 situee
685 2633 747 2655 sur
764 2620 796 2653 la
820 2620 893 2654 rive
913 2619 1033 2655 droite
1053 2620 1097 2655 dc
1121 2621 1152 2655 la
1170 2621 1295 2663 Seinc,
1320 2621 1459 2655 consor-

65 2679 221 2713 me'ment
240 2691 284 2713 au
304 2678 385 2725 plan
405 2682 571 2715 concerte
587 2679 674 2713 dans
693 2679 742 2713 les
760 2678 923 2713 derniors
943 2680 1032 2714 mois
1049 2680 1093 2714 de
1111 2678 1190 2725 945.

109 2735 159 2780 (5)
177 2736 453 2773 Probablcment
476 2739 626 2775 Uracbi.
655 2740 734 2784 pres
753 2738 930 2772 Soissons.

114 2796 160 2838 'U
179 2795 403 2841 Reliquaiws
