2033 3445
2 2094 5 2102 v

552 323 706 363 LIBER
736 324 979 362 OCTAVUS.
1390 324 1466 363 453

123 409 280 470 Qualis
302 407 555 471 praedictus
574 409 743 457 doctor
761 420 871 456 ante
893 410 1150 456 Dominum
1170 421 1217 456 et
1242 409 1472 466 homines,

60 496 355 553 quantusque
375 486 543 542 suerit,
568 486 688 533 liber
705 487 815 532 vitae
834 487 948 550 ejus,
970 486 1113 548 signis
1134 486 1299 548 plenus
1316 496 1361 531 et
1384 487 1476 532 vir-

61 563 258 618 tutibuS,
282 563 507 609 ostendit.
530 564 582 609 In
605 563 743 627 gestis
761 564 901 609 etiam
921 579 1043 627 saepe
1060 573 1354 609 memoratur
1372 565 1473 609 Au-

59 641 192 688 doeni
209 676 222 698 ,
265 640 622 704 Rotomagensis
657 639 992 703 archiepiscopi
1009 677 1020 696 ,
1062 650 1109 686 et
1141 639 1470 685 Noviomensis

58 717 221 781 Eligii,
249 716 546 780 aliorumque
573 717 787 763 virorum
813 717 895 781 qui
921 716 979 762 ab
1013 717 1095 764 illo
1117 715 1306 762 adunati
1330 727 1465 772 sunt,

59 811 109 839 ac
133 791 189 838 ad
215 808 378 856 pacem
415 792 646 838 virtutum
683 809 768 855 per
803 795 901 856 ejus
937 791 1223 839 documenta
1254 793 1467 855 provecti

57 877 177 914 sunt.

118 944 365 990 Materiam
382 944 618 991 scribendi
639 963 791 1009 nuper
807 945 866 992 ab
884 946 1094 992 Uticensi
1111 945 1301 991 ecclesia
1321 945 1465 1007 coepi,

55 1020 130 1067 sed
164 1021 318 1084 ampla
351 1032 587 1067 terrarum
611 1039 755 1086 regna
773 1058 785 1078 ,
812 1023 944 1069 velut
976 1024 1025 1068 in
1051 1023 1246 1068 extasim
1278 1033 1464 1085 raptus,

56 1099 294 1161 prospexi,
318 1099 458 1163 longe
486 1100 670 1163 lateque
690 1101 907 1146 oratione
931 1100 1147 1157 volitavi,
1176 1110 1221 1146 et
1243 1099 1465 1162 perplura

55 1177 366 1238 perlustrans,
407 1177 729 1240 longissimam
759 1178 1076 1241 epanalepsim
1111 1178 1181 1240 (ι)
1210 1177 1461 1240 protelavi.

55 1254 186 1299 Nunc
208 1263 364 1298 autem
389 1263 588 1299 stratum
610 1270 794 1309 meum,
822 1253 949 1317 quod
970 1264 1038 1299 est
1062 1253 1212 1309 Utici,
1235 1254 1376 1299 fessus
1399 1269 1464 1298 re-

55 1341 231 1394 petam,
255 1341 302 1377 et
325 1330 583 1395 quidquam
605 1330 663 1377 de
688 1330 903 1377 rebusad
927 1347 1015 1377 nos
1039 1329 1392 1394 pertinentibus
1418 1330 1463 1375 in

57 1408 173 1454 calce
198 1407 310 1454 libri
332 1407 512 1472 liquido
537 1419 764 1454 retexam.

116 1485 340 1532 XXVIII.
370 1485 514 1532 Anno
548 1485 606 1531 ab
632 1487 964 1533 Incarnatione
991 1497 1044 1531 Μο
1066 1495 1139 1532 xc⁰
1155 1496 1280 1541 V1110,
1310 1484 1464 1531 indic-

58 1563 179 1610 tione
197 1572 248 1621 1³,
271 1563 410 1627 Hugo
426 1563 483 1610 de
497 1564 882 1620 Grememaisnil,
906 1565 1105 1626 inclytus
1124 1563 1279 1619 heros,
1299 1563 1346 1607 in
1366 1561 1459 1607 An-

57 1641 143 1705 glia
168 1642 214 1686 in
236 1641 411 1688 lectum
428 1640 627 1697 decidit,
649 1643 874 1707 senioque
896 1653 942 1688 et
969 1641 1243 1687 infirmitate
1265 1641 1460 1696 fractus,

55 1718 228 1764 ultimis
238 1720 655 1784 appropinquavit.
670 1721 805 1766 Tunc
820 1738 842 1765 a
856 1719 1103 1767 Goissredo
1116 1718 1462 1775 Aurelianensi‚

0 1825 2 1870 ἱ
57 1794 343 1841 Uticensium
368 1796 554 1859 priore,
592 1813 733 1860 quem
758 1797 989 1860 Rogerius
1020 1795 1162 1841 abbas
1197 1812 1286 1858 pro
1318 1794 1460 1841 tutela

54 1872 250 1936 ejusdem
276 1874 322 1919 in
345 1873 516 1937 Anglia
532 1873 815 1937 jampridem
839 1873 1105 1928 dimiserat,
1125 1871 1462 1919 monachatum

57 1951 266 2014 suscepit,
286 1962 510 2015 sextoque
527 1950 829 2014 postmodum
849 1950 947 2007 die,
969 1954 1076 1997 V111⁰
1099 1950 1276 1996 scilicet
1291 1949 1458 1995 kalen-

57 2026 129 2073 das
143 2029 319 2087 martii,
345 2029 465 2075 obiit
486 2032 570 2090 (2).
595 2027 709 2075 Inde
727 2028 993 2075 Bernartius
1011 2039 1058 2074 et
1075 2026 1223 2073 David
1236 2063 1249 2083 ,
1273 2027 1461 2073 Uticen-

56 2121 118 2150 ses
133 2105 407 2163 coenobitae,
426 2105 622 2152 cadaver
641 2107 763 2152 illius
780 2107 984 2162 salitum,
1004 2117 1050 2151 et
1068 2106 1200 2152 corio
1216 2105 1363 2151 houm
1380 2122 1460 2166 op-

4 2182 7 2232 ἷ
56 2182 162 2229 time
182 2194 457 2242 consutum,
492 2185 539 2231 in
573 2184 917 2230 Normanniam
951 2182 1281 2230 conduxerunt
1292 2202 1305 2239 3
1333 2181 1460 2246 quod

4 2254 7 2291 3
54 2275 168 2323 saepe
190 2262 460 2308 nominatus
492 2262 634 2307 abbas
666 2272 712 2308 et
745 2272 1005 2307 conventus
1031 2260 1376 2308 monachorum
1412 2260 1458 2305 in

5 2327 8 2343 .

96 2458 144 2502 (ι)
165 2459 284 2505 Voyez
303 2460 498 2501 ci-dessus‚
523 2473 559 2506 p.
580 2459 657 2502 [405⁴

8 2506 11 2538 l
96 2515 144 2559 (2)
164 2517 445 2553 Probablement
459 2521 477 2553 i·
496 2520 686 2553 Leicester.
711 2519 738 2552 11
756 2526 809 2552 est
827 2521 845 2552 a
865 2532 1077 2567 renim-quer
1093 2533 1165 2567 que
1182 2520 1230 2553 les
1249 2519 1342 2553 deux
1358 2518 1456 2552 dates

53 2571 208 2608 fournies
237 2587 301 2621 par
332 2583 438 2611 notre
468 2584 598 2611 auteur
631 2589 666 2611 se
700 2577 962 2611 comredisent.
994 2579 1039 2611 La
1067 2579 1247 2624 premiere
1273 2578 1387 2610 anncc
1411 2576 1455 2609 dc

10 2629 13 2669 ¹.
53 2628 250 2667 I’indiction
274 2646 320 2668 ne
346 2636 569 2681 correspond
598 2648 657 2682 pas
678 2638 696 2670 ἐι
723 2635 826 2682 1098,
852 2636 939 2669 mais
960 2637 978 2669 a
1001 2636 1106 2682 1095;
1132 2643 1167 2670 ct.
1187 2636 1212 2669 il
1233 2636 1348 2681 paruit
1369 2648 1455 2668 con-

54 2694 144 2724 stant
162 2702 233 2738 que
254 2691 340 2726 c’est
356 2693 634 2729 veritablement
654 2698 671 2728 a
694 2707 733 2728 cc
754 2695 901 2728 dernier
922 2694 1049 2729 chiffre
1069 2694 1156 2741 qu’il
1176 2695 1253 2729 faut
1274 2693 1451 2728 s'arrdter.

54 2747 150 2783 Alnsi
171 2750 305 2797 Hugue
325 2751 369 2785 de
389 2752 661 2788 Grentemesml
684 2767 769 2788 aura
792 2754 866 2800 pris
889 2754 1015 2788 l'hahit
1036 2755 1264 2800 monastique
1286 2753 1317 2786 lc
1346 2752 1384 2785 16
1404 2752 1451 2785 IL»

12 2835 15 2844 .
54 2806 143 2842 vrier
166 2809 266 2858 1095,
285 2818 319 2846 et
339 2824 414 2846 sera
434 2821 529 2848 mort
550 2813 579 2847 lc
602 2827 642 2848 22
665 2814 713 2848 (Ιιι
738 2814 853 2848 nieme
876 2815 978 2848 mois.
