2033 3445
45 330 183 379 [1097]
569 330 720 369 LIBER
751 331 931 369 NONUS.
1380 339 1456 376 513

46 414 217 460 milites
241 415 388 460 coacti
416 427 525 462 sunt
554 417 621 463 ire
647 417 850 480 pedites3
876 428 922 463 et
949 419 1028 481 qui
1056 430 1340 481 potuerunt,
1369 441 1458 486 pro

48 489 269 536 vehiculis
293 487 350 536 ad
371 507 418 536 se
440 492 513 537 vel
529 509 606 538 sua
625 492 943 550 subvehenda,
967 493 1052 539 sibi
1079 494 1221 542 boves
1240 496 1460 546 adhibue-

46 576 174 612 runt.
196 565 294 612 Nec
311 567 465 614 multo
484 578 590 631 post
604 567 897 614 uberrimam
920 570 1114 634 ingressi
1136 583 1244 617 sunt
1263 584 1456 632 terram,

46 642 325 690 victualibus
348 653 394 690 et
417 643 557 691 bonis
578 644 802 691 omnibus
828 647 1073 705 refertam3
1110 660 1309 712 excepto
1333 651 1460 714 quod

44 722 235 786 equinas
257 720 346 768 sibi
369 721 690 786 nequiverunt
713 739 936 787 reparare
956 735 1185 772 vecturas.
1208 725 1461 774 Venientes

45 798 291 846 lchonium
329 800 428 862 (1),
468 800 768 864 persuasione
815 799 1142 865 indigenarum
1195 813 1323 850 utres
1356 821 1462 851 suos

46 878 176 942 aquis
195 877 524 940 repleverunt,
551 878 861 942 confectoque
884 879 1054 925 itinere
1077 879 1194 937 diei,
1222 880 1278 927 ad
1303 899 1464 946 quem-

45 953 150 1001 dam
166 954 362 1001 fluvium
380 965 633 1011 venerunt,
654 955 733 1002 ubi
753 955 870 1003 duos
886 956 1107 1020 hospitati
1126 957 1241 1016 dies,
1262 961 1460 1006 recreati

45 1043 169 1078 sunt.
187 1032 469 1090 cursitores,
491 1033 572 1098 qui
593 1049 779 1097 semper
798 1034 1058 1081 exercitum
1078 1035 1458 1098 praecurrebant,

44 1121 93 1155 ut
125 1110 350 1156 exercitui
375 1109 722 1173 praeviderent,
751 1121 798 1157 et
828 1111 983 1174 paleas
1006 1123 1053 1158 et
1083 1113 1169 1158 alia
1205 1115 1460 1160 necessaria

40 1187 330 1251 diriperent,
351 1199 712 1252 praecurrerunt
738 1188 795 1234 ad
819 1189 1069 1236 Erachiam
1098 1191 1337 1238 civitatem
1364 1194 1432 1254 (2)
1445 1229 1457 1249 ,

44 1265 88 1310 in
114 1282 206 1330 qna
226 1265 403 1311 multus
428 1276 529 1312 erat
552 1267 823 1312 Turcorum
851 1278 1141 1326 conventus,
1170 1268 1203 1313 si
1232 1286 1321 1332 qua
1348 1287 1462 1333 pos-

41 1354 144 1390 sent
167 1343 329 1390 obesse
361 1343 638 1390 Christianis
664 1356 935 1408 expectans.
964 1344 1313 1393 cursitantibus
1343 1347 1462 1393 insi-

42 1419 137 1466 dias
157 1421 524 1478 collocaverant,
546 1439 664 1486 quos
680 1421 901 1468 audacter
919 1422 1089 1469 Franci
1109 1425 1311 1488 aggressi
1332 1436 1458 1481 sunt,

45 1509 90 1544 et
117 1498 298 1562 fugatos
332 1499 634 1545 indifficulter
676 1499 1014 1563 disperserunt.
1054 1501 1205 1564 Igitur
1230 1502 1458 1560 Brachia,

46 1574 213 1621 Turcis
235 1574 451 1638 abjectis,
483 1575 529 1620 in
557 1574 936 1621 Christianorum
968 1575 1344 1624 dominationem
1368 1579 1462 1624 cito

47 1652 231 1699 redacta
255 1662 344 1709 est,
377 1652 535 1717 ibique
554 1664 758 1717 quatuor
778 1653 874 1699 dies
901 1654 1225 1700 confecerunt.
1253 1654 1323 1701 lbi
1344 1656 1463 1702 Tan-

47 1728 210 1776 creclus
233 1740 279 1775 et
295 1728 553 1776 Balduinus
571 1729 631 1775 ab
656 1731 757 1776 aliis
780 1747 826 1776 se
847 1730 1265 1795 disgregaverunt,
1287 1744 1333 1778 et
1359 1733 1462 1779 val-

46 1807 137 1853 lem
155 1806 213 1853 de
236 1808 490 1854 Botentrot
515 1809 584 1870 (δ’)
604 1826 711 1854 cum
732 1809 823 1853 suis
848 1808 1228 1872 expeditionibus
1250 1810 1462 1856 intrave-

49 1896 180 1931 runt.
209 1885 480 1932 Tancredus
499 1896 674 1942 autem,
697 1886 867 1932 iterum
888 1904 910 1931 a
937 1886 1172 1934 Balduino
1195 1899 1458 1952 separatus,

45 1962 246 2008 Tarsum
268 1963 399 2009 venit
416 1981 526 2009 cum
545 1962 636 2008 suis
659 1962 909 2009 militibus.
937 1965 1081 2009 Turci
1101 1981 1234 2023 vero,
1261 1965 1318 2012 de
1341 1965 1461 2012 urbe

92 2128 141 2174 (1)
162 2128 347 2170 Iconium,
370 2127 571 2173 metropole
588 2126 684 2161 dela
702 2126 898 2172 Lycaonie‚
920 2125 1155 2171 aujourd’hui
1177 2127 1334 2161 Koniah.

94 2187 209 2222 Notre
229 2193 359 2221 auteur
383 2199 485 2233 passe
508 2199 591 2221 sous
614 2186 746 2221 silence
769 2186 950 2233 plusieurs
974 2186 1056 2220 faits
1077 2186 1371 2221 intermediaires
1394 2188 1461 2221 im-

50 2252 231 2292 per-tants,
258 2245 326 2280 tels
348 2258 420 2293 que
442 2245 686 2292 l’occupation
710 2244 1005 2287 d’Antiochette‚
1032 2244 1065 2278 la
1092 2244 1248 2278 maladie
1270 2244 1315 2278 de
1336 2244 1463 2280 Gode-

51 2305 137 2347 froi,
160 2305 253 2339 suite
271 2304 316 2338 de
336 2316 372 2338 sa
388 2303 481 2338 lutte
499 2316 581 2338 avec
600 2316 651 2338 un
671 2315 756 2338 ours
777 2304 1015 2350 gigantesque
1027 2331 1035 2346 ‚
1055 2309 1092 2337 et
1109 2303 1197 2338 celle
1214 2303 1263 2337 du
1280 2311 1399 2338 comte
1417 2303 1462 2338 de

52 2364 234 2398 Toulouse
257 2379 262 2397 τ
287 2365 350 2399 Ila
371 2376 417 2397 ex
439 2376 481 2397 ea
504 2365 717 2409 infirmitate
740 2362 1008 2411 affeclussuic,
1037 2369 1076 2396 ut
1095 2362 1282 2408 depositus
1303 2363 1348 2398 de
1372 2365 1463 2398 lecta

52 2424 87 2456 in
107 2429 258 2465 terram,
280 2425 348 2457 vist-
367 2424 475 2456 etiam
487 2422 639 2457 vitalem
652 2422 800 2468 pulsum
821 2421 972 2455 liaberet
982 2438 991 2460 ,-
1011 2420 1107 2455 unde
1127 2423 1318 2468 episcopus
1335 2423 1462 2456 Aura—

53 2484 136 2516 sicoe
155 2483 254 2516 urbis
272 2482 428 2531 officium
447 2484 557 2528 quasi
571 2481 748 2528 defuncto
769 2484 803 2515 ei
824 2480 1018 2527 impendit,
1041 2480 1096 2515 dit
1115 2480 1269 2516 l'auteur
1287 2481 1334 2516 du
1359 2483 1467 2517 Sacri

53 2541 151 2576 Belli
167 2542 346 2584 Historia,
367 2542 505 2576 temoin
525 2540 697 2576 oculaire.

99 2602 148 2646 (2)
173 2593 308 2643 lii-ech,
334 2603 351 2635 a
374 2608 495 2635 trente
511 2601 646 2635 heures
665 2600 882 2635 d'Iconium.
911 2600 1070 2635 L’arrnee
1095 2600 1310 2635 chretienne
1329 2613 1350 2646 y
1371 2606 1462 2634 resta

53 2666 180 2705 quatre
193 2661 309 2706 jours.

99 2716 149 2762 (3)
167 2718 272 2753 Cette
292 2718 403 2752 vallee
420 2718 572 2753 conduit
594 2721 612 2753 a
637 2718 712 2752 l'un
734 2717 796 2751 des
818 2728 982 2763 passages
1004 2717 1054 2751 du
1072 2718 1235 2760 Taurus,
1255 2727 1374 2750 connu
1396 2728 1463 2749 au-

51 2776 238 2820 jourd'hui
267 2789 351 2812 sous
373 2777 406 2812 le
436 2790 522 2812 nom
547 2778 592 2813 de
620 2777 926 2820 GmJ-:K-Bociz,
954 2779 972 2811 a
998 2778 1090 2812 seize
1115 2778 1246 2811 hem-es
1271 2776 1316 2809 de
1337 2776 1459 2810 Tarse.

57 2834 180 2870 Albert
200 2835 305 2870 d‘Aix
324 2836 464 2883 appelle
482 2849 521 2871 ce
539 2849 687 2883 passage
709 2853 713 2857 -
734 2837 844 2871 Porto
863 2836 907 2871 de
923 2836 1046 2870 Judas.

151 2911 222 2940 ιιι.
1213 2895 1269 2938 35
