2085 3455
568 281 618 317 78
929 276 1172 315 HISTORIA
1204 275 1606 313 ECCLESIASTICA.
1760 278 1975 325 [582-596]

567 365 766 410 charitas
785 364 986 427 amplius
1006 363 1192 409 laborat
1212 380 1300 426 pro
1316 364 1471 408 anima
1489 380 1630 426 quam
1648 380 1736 424 pro
1755 379 1970 425 corpore.

565 442 655 502 Qui
691 442 797 488 licet
829 442 996 488 canitie
1025 440 1289 486 veneranda
1327 439 1571 495 canderet,
1607 440 1786 485 nescius
1818 450 1973 486 tamen

565 521 730 567 cedere
752 520 1005 575 senectuti,
1020 530 1099 564 aut
1117 518 1323 575 orando,
1352 528 1432 564 aut
1455 517 1679 581 legendo,
1706 517 1832 563 diem
1854 534 1975 563 eon—

568 598 780 645 tinuabat
815 598 969 653 nocti,
1001 600 1133 658 juxta
1171 594 1287 641 illud
1317 594 1444 660 quod
1479 596 1600 641 inter
1634 596 1721 641 alia
1753 595 1810 641 de
1839 594 1975 640 beato

567 675 669 721 viro
700 674 938 720 Psalmista
968 673 1083 719 dicit
1110 692 1119 716 :
1143 674 1210 718 Et
1233 676 1282 717 in
1314 673 1416 733 lege
1449 672 1643 718 Domini
1667 672 1979 718 meditabitur

568 753 646 798 (lie
668 771 728 797 ac
753 763 890 797 nocte
920 749 1290 813 (1).Charitatis
1313 748 1505 812 quidem
1530 749 1637 812 igne
1662 749 1894 811 repletus,
1928 749 1974 793 in

565 830 696 875 omni
721 827 945 874 exercitio
963 827 1193 871 virtutum
1216 824 1492 888 persistebat
1508 824 1757 870 adtentius.
1774 825 1976 870 Peccan-

569 905 691 951 tibus
706 905 990 962 misericors,
1009 905 1077 949 sui
1095 905 1190 950 oris
1206 902 1482 966 invigilabat
1495 901 1786 947 firmissimus
1804 912 1972 948 custos.

566 982 650 1027 Cui
678 983 888 1045 neglecta
912 998 1005 1027 suae
1036 980 1152 1026 cutis
1175 997 1285 1026 cura
1299 1016 1312 1036 ,
1343 977 1493 1024 tribus
1517 977 1696 1024 vicibus
1721 989 1903 1024 tantum
1930 979 1974 1023 in

565 1077 692 1106 anno
716 1059 1000 1106 tondebatur
1023 1075 1174 1105 coma.
1202 1057 1332 1102 Nulli
1363 1073 1573 1121 unquam
1606 1057 1653 1101 in
1686 1055 1866 1101 ultione
1897 1071 1976 1101 re-

567 1137 736 1182 tribuit
759 1137 897 1183 mala.
924 1137 970 1181 Si
994 1136 1097 1199 quis
1117 1133 1309 1199 aliquod
1332 1134 1559 1180 damnum
1580 1133 1636 1179 de
1661 1132 1801 1179 rebus
1826 1144 1977 1178 trans-

570 1215 716 1261 itoriis
748 1216 788 1260 ci
820 1215 1107 1268 nuntiasset,
1145 1213 1376 1259 continuo
1412 1210 1724 1275 respondebat
1761 1231 1770 1256 :
1805 1211 1976 1256 Dome-

567 1312 655 1339 nus
691 1292 914 1346 abnam,-
941 1293 1002 1337 sit
1034 1308 1204 1336 nomen
1240 1290 1440 1335 Domini
1473 1289 1796 1335 benedictum!
1827 1289 1976 1334 Tanta

567 1372 606 1415 ei
644 1371 793 1415 virtus
833 1367 1194 1415 reconciliandae
1230 1367 1354 1431 pacis
1391 1367 1565 1422 inerat,
1603 1377 1655 1412 ut
1693 1367 1977 1430 quicumque

567 1447 802 1494 discordes
821 1447 878 1492 ad
895 1463 1001 1492 eum
1022 1446 1264 1501 venirent,
1293 1446 1387 1509 ejus
1407 1444 1646 1490 mellifluis
1667 1444 1868 1507 mitigati
1887 1461 1976 1490 ser-

567 1525 809 1581 monibus,
843 1523 1021 1587 pacifici
1049 1533 1330 1568 remearent.
1359 1522 1531 1567 Omnes
1555 1532 1712 1567 autem
1736 1520 1793 1566 ad
1819 1536 1865 1566 se
1893 1537 1977 1566 ve-

566 1604 773 1657 nientes,
805 1611 896 1646 tam
921 1598 1108 1645 nobiles
1133 1616 1274 1663 quam
1306 1597 1560 1662 ignobileS,
1588 1613 1815 1660 pauperes
1838 1608 1977 1661 atque

566 1680 842 1743 peregrinos
866 1678 1001 1723 hilari
1024 1677 1159 1722 vultu
1179 1675 1450 1739 recipiebat.
1475 1676 1670 1739 Semper
1689 1673 1813 1738 apud
1836 1692 1975 1720 cunc-

568 1769 638 1803 tos
671 1756 930 1802 laetissimus
958 1771 1051 1801 esse
1084 1753 1302 1809 volebat,
1342 1770 1544 1817 raroque
1578 1764 1657 1798 aut
1693 1754 1798 1809 vix,
1836 1769 1976 1815 quem

567 1836 821 1897 reciperet,
861 1832 1034 1896 absque
1065 1831 1278 1895 quolibet
1313 1830 1594 1876 munusculo
1626 1848 1650 1875 a
1680 1846 1725 1876 se
1760 1829 1977 1876 recedere

566 1910 889 1975 permittebat.
935 1910 1117 1955 Infirmi
1160 1910 1298 1955 etiam
1340 1925 1426 1971 per
1463 1907 1842 1954 benedictionem
1883 1909 1976 1972 ejus

566 1991 762 2035 sanitate
803 1999 1018 2051 recepta,
1062 1986 1389 2033 benedicentes
1424 1987 1575 2031 Deum
1614 1984 1832 2031 redibant
1870 2003 1976 2031 cum

568 2068 747 2132 ingenti
774 2067 953 2112 laetitia.
982 2065 1172 2111 Cunctis
1195 2063 1398 2128 denique
1426 2064 1613 2110 beatum
1637 2064 1791 2109 virum
1816 2074 1976 2126 peten-

566 2146 691 2192 tibus
726 2156 883 2208 optata
917 2143 1228 2208 proveniebat
1263 2142 1399 2188 salus.
1434 2142 1574 2188 Multi
1608 2158 1822 2206 quoque,
1861 2158 1977 2205 quos

566 2223 681 2270 adeo
702 2223 896 2269 vexabat
914 2222 1244 2268 immanissima
1268 2221 1334 2266 vis
1353 2220 1575 2276 febrium,
1600 2237 1707 2265 cum
1723 2219 1978 2282 nequirent

567 2302 694 2348 adire
716 2300 969 2348 beatissimi
996 2301 1083 2345 viri
1112 2309 1442 2362 conspectum,
1474 2298 1623 2343 missis
1647 2297 1810 2360 legatis
1835 2313 1977 2360 roga-

566 2381 681 2426 bant
709 2382 803 2445 ejus
831 2378 1227 2433 munificentiam,
1257 2378 1476 2441 quatinus
1503 2375 1815 2430 cinctorium,
1849 2374 1974 2438 quod

567 2459 653 2504 sibi
681 2458 738 2505 de
769 2458 978 2504 funiculo
1015 2467 1288 2520 paraverat,
1323 2466 1402 2500 aut
1437 2452 1611 2517 aliquid
1649 2451 1705 2497 de
1739 2463 1862 2497 veste
1898 2468 1974 2497 sua

561 2535 804 2581 eharitatis
827 2535 975 2598 gratia
1000 2544 1302 2580 mererentur
1325 2532 1552 2594 accipere.
1581 2529 1668 2588 Qui
1693 2545 1749 2574 ex
1773 2527 1862 2574 fide
1889 2527 1977 2573 hoc

568 2614 718 2676 ipsum
738 2611 1077 2676 contingebant
1093 2649 1102 2667 ,
1127 2623 1171 2656 et
1190 2611 1385 2674 pristina
1403 2607 1702 2654 donabantur
1719 2606 1930 2651 sanitate.
1952 2625 1972 2647 »

616 2777 869 2822 (1)Psaln1.1,
895 2789 926 2811 2.
