2085 3455
515 256 592 292 :388
852 255 1097 293 HISTORIA
1128 255 1532 298 ECCLESIASTICA.
1569 261 1794 308 [FEBRUAMO
1813 265 1933 313 1099}

512 341 756 399 exierunt,
795 353 841 388 et
875 353 985 388 ante
1022 344 1274 388 Tortosam
1305 345 1376 406 (i)
1418 345 1681 402 civitatem,
1716 347 1797 393 ubi
1836 365 1931 395 non

514 417 699 464 modica
719 419 977 467 multitudo
996 437 1293 484 paganorum
1313 432 1431 479 erat,
1450 421 1798 471 discurrebant.
1819 426 1935 473 Sero

511 497 607 559 jam
629 495 775 554 sacto,
800 496 858 543 ad
888 508 1121 545 secretum
1158 498 1317 544 locum
1342 512 1657 556 secesserunt,
1685 513 1731 548 et
1753 520 1936 567 oppor-

514 574 639 619 tunis
689 575 737 620 in
779 575 892 621 iocis
938 586 1368 639 pernoctaverunt,
1407 587 1454 622 et
1498 578 1731 641 plurimos
1778 580 1931 644 ignes,

512 652 642 714 quasi
688 662 815 698 totus
855 652 1117 699 advenisset
1156 655 1414 711 exercitus,
1446 656 1781 703 accenderunt.
1819 657 1936 705 Orto

508 730 606 792 jam
631 729 752 787 sole,
782 730 950 776 Franci
993 741 1045 775 ut
1081 731 1250 778 urbem
1291 732 1666 796 aggrederentur
1698 751 1936 782 convene—

514 819 654 865 runt3
687 826 830 872 quam
865 826 1061 854 vacuam
1100 808 1374 856 hominihus
1410 811 1721 866 invenerunt,
1749 813 1932 878 ibique,

513 884 738 949 quamdiu
760 885 1006 931 castellum
1028 885 1337 943 obsidebant,
1363 887 1765 938 inhabitaverunt.

579 961 869 1008 Admiralius
891 962 1139 1009 Maracleae
1169 964 1241 1027 (2)
1270 964 1496 1022 civitatis,
1519 983 1625 1030 quae
1650 985 1747 1014 non
1768 971 1936 1032 procul

511 1051 638 1097 erat,
665 1057 830 1104 pacem
855 1058 964 1087 cum
987 1039 1266 1087 Christianis
1287 1042 1396 1088 fecit
1411 1079 1422 1098 ‚
1445 1054 1490 1088 et
1510 1060 1677 1090 eorum
1697 1045 1864 1091 vexilla
1888 1047 1935 1092 in

515 1116 632 1164 urbe
685 1120 878 1181 praefata
928 1119 1123 1165 invexit.
1175 1120 1281 1166 Dux
1325 1121 1500 1167 interea
1547 1121 1838 1169 Godefredus
1892 1135 1938 1169 et

513 1194 816 1242 Flandrensis
850 1213 1007 1242 eomes
1041 1207 1089 1243 et
1122 1197 1428 1243 Buamundus
1457 1216 1603 1263 usque
1644 1199 1935 1257 Laodiciam,

513 1290 656 1336 quam
678 1273 824 1337 vulgo
849 1273 1027 1319 Liciam
1048 1285 1219 1320 vocant
1239 1275 1335 1337 (ὅ),
1360 1287 1612 1322 venerunt.
1635 1277 1938 1324 Buamundus

514 1466 569 1493 est
585 1458 713 1505 appele
729 1471 794 1505 par
810 1458 971 1493 d’autres
985 1458 1185 1493 historiens
1198 1462 1401 1493 vicecomes
1414 1459 1460 1494 (le
1486 1460 1661 1494 Tentoria
1677 1472 1725 1494 ou
1741 1460 1786 1494 de
1809 1462 1938 1495 Cento-

517 1521 583 1553 m'a.
608 1518 710 1553 Nous
733 1530 890 1565 pensons
913 1531 984 1564 que
1007 1530 1046 1552 ce
1065 1530 1151 1552 nom
1175 1531 1193 1552 a
1217 1520 1275 1553 ete
1298 1518 1464 1565 defigure
1489 1520 1622 1566 parles
1646 1521 1802 1566 copistes
1822 1533 1869 1555 ou
1890 1520 1939 1556 les

516 1579 784 1625 typographe&
812 1585 849 1613 et
877 1578 966 1625 qu'il
989 1578 1068 1613 faut
1090 1578 1174 1622 lire,
1204 1590 1346 1612 comme
1372 1591 1465 1613 nous
1490 1579 1524 1614 le
1551 1592 1699 1614 verrons
1727 1580 1807 1626 plus
1830 1581 1904 1615 loiu
1930 1597 1934 1614 :

516 1638 750 1673 Raimundus
775 1638 821 1672 de
850 1639 1033 1681 Taurina,
1063 1638 1293 1690 c'est-a-dire
1314 1654 1319 1672 :
1340 1638 1544 1682 Rainwnd,
1570 1639 1730 1686 premier
1757 1640 1807 1674 du
1830 1653 1935 1683 nom,

514 1699 672 1733 vicomte
688 1697 734 1732 de
751 1698 946 1740 Turenue,
968 1699 1129 1744 premier
1148 1699 1238 1732 mari
1258 1697 1303 1731 de
1322 1698 1521 1741 Mathilde,
1544 1698 1615 1733 fille
1635 1699 1679 1733 de
1698 1699 1861 1735 Geoffroi
1880 1701 1935 1743 II,

514 1763 634 1790 comte
652 1756 702 1791 du
722 1756 877 1790 Perche.
897 1756 995 1791 C’est
1020 1769 1059 1790 ce
1085 1756 1149 1803 qui
1168 1755 1314 1790 devient
1335 1757 1457 1791 meme
1485 1757 1715 1792 indubitable
1738 1771 1805 1805 par
1826 1758 1858 1793 le
1884 1761 1937 1794 te-

515 1817 710 1864 moignage
735 1816 780 1851 de
807 1817 932 1851 Pierre
952 1816 1175 1859 Tudebode,
1199 1817 1263 1864 qui
1283 1816 1450 1863 l’appelle
1471 1818 1706 1853 Raimundus
1724 1818 1769 1852 de
1794 1820 1939 1854 Torena

519 1877 732 1917 vicecomes,
759 1882 796 1909 et
823 1875 887 1922 qui
915 1875 986 1910 cite
1013 1888 1058 1909 en
1088 1882 1195 1909 outre
1222 1874 1254 1909 le
1280 1875 1437 1910 vicomte
1463 1875 1509 1910 de
1534 1876 1729 1920 Castillon,
1757 1877 1940 1923 Amaujeu

516 1935 685 1971 d’Alhret
703 1937 935 1981 (Amanevus
953 1936 998 1970 dc
1017 1936 1191 1980 Lobreto)
1203 1964 1212 1980 ,
1233 1929 1269 1970 et
1287 1937 1375 1970 trois
1389 1943 1510 1970 autres
1530 1937 1714 1983 guerriers
1733 1937 1938 1980 (sicardus,

518 1996 619 2042 Bego
635 1996 680 2030 de
695 1997 863 2038 Hiberia,
889 1997 1109 2030 Guillelmus
1124 1995 1278 2041 Belius)
1296 2008 1438 2031 comme
1456 2003 1565 2043 ayant
1583 1997 1657 2043 pris
1675 2004 1756 2044 part
1772 2010 1856 2032 avec
1871 2009 1941 2032 eux

517 2068 561 2088 au
579 2055 725 2090 combat
743 2062 871 2089 contre
890 2055 939 2089 les
958 2056 1121 2089 soixante
1142 2056 1273 2089 Turcs.

563 2116 614 2160 (Ι)
654 2116 810 2150 Tortose
824 2143 833 2157 ,
874 2115 1028 2149 l'ancien
1072 2115 1306 2158 Antarados,
1342 2122 1447 2150 entre
1487 2116 1631 2162 Tripoli
1665 2123 1701 2150 et
1739 2117 1942 2163 Lattaquie.

519 2176 656 2223 Depuis
675 2178 828 2211 Cesaree
839 2203 847 2218 ‚
868 2175 918 2210 les
933 2176 1066 2210 croises
1081 2175 1262 2210 n'avaient
1278 2188 1342 2223 pas
1359 2176 1423 2210 fait
1442 2183 1546 2210 autre
1561 2176 1671 2211 chose
1684 2188 1755 2223 que
1772 2175 1818 2210 de
1831 2178 1946 2210 retro-

520 2236 653 2282 grader
673 2248 754 2271 vers
774 2236 807 2270 le
830 2235 933 2270 'Nord
954 2243 990 2270 ct
1010 2236 1211 2270 Antioche.

568 2297 617 2343 (2)
648 2295 846 2337 Moraclee,
875 2295 1114 2340 aujourd'hui
1144 2295 1326 2337 Marakia,
1356 2303 1460 2331 entre
1490 2296 1645 2330 Tortose
1674 2303 1711 2330 et
1739 2296 1942 2342 Lattaquie'.

522 2356 586 2389 Les
612 2355 746 2389 croises
775 2356 993 2389 continuent
1022 2355 1102 2389 leur
1132 2362 1367 2389 mouvement
1394 2354 1608 2402 retrograde
1635 2366 1714 2389 vers
1739 2355 1942 2397 Antioche,

520 2414 799 2462 prohablement
824 2427 919 2461 pour
942 2415 1031 2449 aller
1050 2414 1252 2450 aii-devant
1271 2415 1334 2450 des
1352 2415 1453 2450 chefs
1477 2417 1591 2450 restes
1614 2415 1703 2449 dans
1726 2421 1821 2449 cette
1840 2414 1941 2456 ville,

520 2482 557 2509 et
574 2486 653 2509 vers
674 2474 829 2521 lesqucls
848 2475 1010 2516 Arnonl,
1038 2475 1229 2522 chapelain
1254 2475 1302 2509 du
1331 2475 1403 2509 duc
1429 2475 1474 2510 de
1499 2474 1743 2517 Normandie,
1772 2475 1867 2509 avait
1889 2476 1945 2509 ete

522 2536 659 2580 envoye
679 2546 763 2568 avec
781 2534 813 2568 la
834 2534 985 2569 mission
1002 2535 1048 2569 de
1066 2535 1116 2570 les
1133 2547 1295 2582 engager
1310 2537 1329 2569 a
1347 2535 1450 2569 venir
1467 2533 1651 2579 rejoindre
1668 2533 1832 2577 l'armee,
1851 2545 1945 2580 pour

524 2594 694 2628 marchei·
711 2593 896 2628 ensemble
916 2606 978 2628 sur
996 2594 1212 2628 Jerusalem.

570 2653 619 2699 (5)
643 2654 836 2693 Laodicec,
857 2654 1094 2699 aujourd'hui
1120 2655 1327 2702 Lattaquic',
1350 2655 1368 2687 21
1391 2653 1564 2700 vingt-six
1584 2653 1714 2686 heures
1734 2652 1780 2687 de
1798 2652 1945 2686 marche

524 2713 591 2747 sud
610 2714 799 2748 sud-ouest
816 2714 1049 2748 dlxniioclw.
1070 2715 1121 2748 lei
1141 2714 1319 2749 Godcsroi
1338 2720 1373 2748 ct
1392 2713 1424 2747 lc
1441 2720 1559 2748 comte
1577 2713 1622 2747 ds·
1641 2712 1813 2754 Flandre,
1834 2725 1946 2746 venus

525 2773 746 2808 ‹l'Antiochc
774 2787 856 2809 aver
891 2774 1097 2819 Hofflnond,
1127 2787 1161 2808 sc
1187 2777 1355 2821 separent
1381 2774 1425 2809 dc
1449 2773 1501 2809 lui
1535 2786 1626 2821 pour
1653 2773 1846 2808 continuet·
1864 2772 1945 2807 leur
