2033 3445
48 351 186 403 [1088]
525 350 677 386 LIBER
706 349 950 386 OCTAVUS.
1365 357 1441 392 273

49 435 385 490 mediocribus,
414 434 661 489 tenebant,
687 434 1007 498 auxiliumque
1031 435 1259 481 Rodberti
1286 437 1442 497 ducis,

49 514 125 579 qui
159 510 327 558 desidia
362 511 653 574 mollitieque
681 509 996 567 detinebatur,
1025 511 1196 557 frustra
1227 524 1446 576 expecta—

49 590 176 636 bant.
198 587 426 650 Rogerius
450 603 581 643 vero,
605 586 894 632 Merciorum
920 604 1073 633 comes
1099 589 1118 650 (
1130 589 1194 651 ι),
1215 589 1448 653 multique

48 667 456 721 Normannorum,
489 665 570 728 qui
596 681 703 710 cum
730 680 838 727 rege
861 664 974 710 foris
998 663 1299 723 obsidebant,
1330 667 1449 712 clam

49 742 367 792 adminiculari
405 752 636 805 quantum
668 752 891 805 poterant
933 743 1120 789 inclusis
1159 743 1447 807 satagebant.

48 822 152 869 Non
170 831 327 866 tamen
343 820 496 882 palam
514 831 679 865 contra
698 836 857 884 regem
876 838 1004 866 arma
1025 821 1178 867 levare
1197 821 1447 868 audebant.

48 899 215 945 Omnes
243 897 448 960 episcopi
487 896 670 960 Angliae
701 914 807 942 cum
836 895 1001 961 Anglis
1031 899 1130 944 sine
1153 898 1264 945 dolo
1290 916 1452 962 regem.

47 973 286 1040 juvabant,
315 985 361 1019 et
386 991 473 1037 pro
498 989 656 1019 serena
682 974 849 1037 patria:
873 991 1008 1037 pace,
1038 992 1144 1039 quae
1170 975 1308 1022 bonis
1334 994 1452 1023 sem-

47 1070 129 1117 per
150 1052 360 1098 amabilis
376 1063 466 1105 est,
492 1051 789 1098 laborabant.
811 1053 967 1116 llugo,
995 1070 1148 1101 comes
1167 1055 1423 1102 Cestrensis
1437 1092 1447 1110 ,

47 1141 91 1178 et
105 1129 369 1177 Rodbertus
386 1129 443 1176 de
461 1129 716 1185 Molbraio,
738 1128 1255 1178 Norclanhumbrorum
1276 1149 1448 1187 comes,

46 1218 91 1254 et
122 1206 409 1252 Guillermus
442 1206 498 1251 de
530 1205 808 1262 Guarenna,
837 1224 888 1252 ac
918 1207 1184 1253 Rotlbertus
1212 1209 1454 1255 lIaimonis

46 1283 186 1340 filius,
210 1285 382 1348 aliique
402 1284 601 1347 legitimi
619 1284 887 1348 maturique
905 1283 1106 1331 barones
1128 1287 1226 1349 regi
1252 1286 1454 1332 fideliter

46 1360 369 1416 adhaerebant,
402 1362 537 1424 eique
567 1361 710 1406 armis
741 1371 786 1405 et
817 1361 1016 1407 consilio
1042 1373 1206 1408 contra
1237 1362 1453 1426 publicos

48 1437 195 1485 hostes
220 1437 468 1484 commode
490 1438 727 1484 favebant.

106 1515 160 1560 In
178 1514 356 1578 oppido
377 1515 584 1561 Roffensi
608 1515 744 1578 plaga
766 1515 931 1560 similis
950 1515 1284 1578 AEgyptiorum
1301 1517 1451 1580 plagae

46 1593 280 1656 apparuit,
311 1609 399 1656 qua
426 1593 574 1649 Deus,
604 1593 684 1655 qui
714 1609 898 1655 semper
927 1609 1000 1638 rcs
1030 1592 1255 1639 humanas
1291 1606 1449 1651 curat,

46 1679 90 1714 et
106 1669 226 1732 juste
246 1667 479 1731 disponit,
508 1669 697 1732 antiqua
724 1669 950 1714 miracula
977 1670 1149 1715 nostris
1171 1670 1313 1715 etiam
1338 1682 1452 1717 tem—

46 1744 235 1808 poribus
261 1747 467 1792 recentia
493 1745 714 1791 ostendit.
744 1746 861 1791 Nam
884 1746 1003 1791 sicut
1021 1748 1204 1793 scinifes
1227 1749 1453 1811 importu-

45 1822 185 1869 nitate
203 1841 281 1869 sua
299 1823 544 1887 AEgyptios
570 1822 875 1879 infestabant,
899 1834 945 1868 et
964 1840 1051 1868 nec
1074 1823 1129 1869 ad
1154 1836 1451 1871 momentum

45 1898 100 1945 ab
130 1900 423 1946 infestatione
453 1918 530 1946 sua
560 1901 682 1946 circa
718 1901 837 1963 ipsos
873 1900 1139 1958 cessabant,
1181 1902 1242 1947 ita
1278 1920 1448 1948 muscae

45 1975 244 2024 obsessos
270 1979 516 2024 incessanti
541 1978 752 2024 molestia
782 1979 1052 2041 importune
1078 1978 1326 2024 vexabant.
1353 1979 1450 2024 Ob-

45 2054 144 2099 sessi
165 2071 333 2118 nempe
353 2066 487 2102 extra
508 2055 751 2101 castellum
771 2056 899 2101 exire
919 2054 1204 2119 nequibant,
1227 2067 1272 2102 ct
1292 2056 1448 2119 plures

44 2145 203 2178 eorum
240 2121 297 2178 eii
335 2131 528 2178 diversis
571 2133 840 2179 infortuniis
881 2143 1119 2196 grassante
1159 2131 1330 2179 morbo
1371 2134 1447 2178 in-

45 2208 261 2256 teribant.
313 2210 687 2257 Innumerabiles
732 2227 845 2274 ergo
887 2227 1059 2257 muscae
1107 2209 1355 2256 hominum
1402 2222 1447 2254 ct

44 2301 269 2350 equorum
301 2304 443 2334 coeno
480 2288 818 2344 nascebantur,
854 2298 901 2334 et
936 2298 1030 2333 tam
1065 2288 1261 2344 aestatis,
1301 2305 1444 2352 quam

41 2361 267 2409 anhelitus
314 2363 686 2410 cohabitantium
730 2364 886 2412 calore
938 2362 1314 2410 confovebantur
1334 2400 1347 2419 ,
1400 2375 1444 2410 ct

43 2545 215 2589 Breteuil‚
238 2552 256 2582 ἐι
273 2561 316 2584 en
336 2549 424 2583 faire
443 2556 578 2583 nutant
600 2551 654 2583 Au
676 2555 787 2590 route,
810 2554 914 2581 avant
931 2547 962 2582 la
982 2555 1078 2582 mort
1096 2548 1140 2582 dc
1158 2548 1444 2582 Guillaume-lv-

41 2605 286 2654 commorant,
315 2608 340 2642 il
366 2610 457 2643 avait
485 2611 541 2643 cte
564 2608 636 2643 l⁷un
662 2608 724 2641 dos
750 2608 910 2642 fantvurs
932 2607 979 2641 lcs
1001 2608 1078 2654 plus
1097 2607 1242 2641 ardcnts
1261 2608 1310 2641 du
1332 2609 1443 2654 jenm·

42 2663 128 2708 duc,
146 2673 182 2700 et
200 2666 314 2701 l’avait
340 2668 456 2702 menie
482 2670 724 2715 accompagnc
743 2667 831 2701 dans
849 2667 1129 2714 quelques-unes
1147 2667 1191 2701 dc
1211 2679 1263 2701 ses
1283 2668 1442 2713 emigra-

44 2723 149 2758 tions.

85 2784 133 2828 (1)
151 2784 273 2830 Roger
286 2785 331 2819 de
345 2787 627 2831 Montgommeri
641 2815 648 2828 ‚
670 2793 788 2821 comte
804 2786 848 2819 cle
865 2786 1118 2831 Shrewsburv,
1141 2787 1224 2831 pri-c
1243 2785 1287 2820 de
1304 2786 1443 2820 Robvrt

43 2839 86 2874 dc
107 2842 266 2877 Bellenw.

141 2920 210 2947 111.
1192 2907 1244 2950 ιδ
