2085 3455
564 324 637 362 144
925 321 1166 361 HISTORIA
1195 321 1596 361 ECCLESIASTICA.
1743 325 1960 376 [918-923]

558 409 681 456 hanc
706 425 889 456 causam
913 408 1133 472 plurimae
1158 419 1333 472 strages
1359 419 1642 472 perpetratae
1669 419 1781 455 sunt
1808 409 1962 457 chris—

559 486 674 531 tiani
704 485 894 553 populi,
925 484 1003 531 sed
1025 484 1209 531 favente
1237 485 1336 531 Deo
1363 484 1518 531 omnis
1545 485 1624 530 illa
1653 485 1964 534 contradictio

560 563 770 611 cessavit.

622 640 786 687 Tertio
804 650 960 686 autem
971 655 1097 685 anno
1111 630 1352 702 ‘posthanc
1361 638 1755 702 persecutionem,
1776 638 1966 687 defunc-

560 727 633 763 tus
651 728 719 764 est
736 716 963 763 Rodulsus
974 751 988 774 ,
1008 715 1104 761 dux
1121 713 1408 778 Burgundiae
1420 751 1434 773 ,
1456 714 1609 778 pridie
1627 709 1847 762 kalen’das
1869 732 1967 780 sep-

560 793 756 841 tembris
770 830 782 851 ,
807 793 1106 857 sepultusque
1125 802 1194 838 est
1216 791 1265 837 in
1282 791 1471 846 basilica
1495 792 1677 839 Sanctae
1697 792 1964 850 Columbae,

562 873 611 918 in
649 871 862 919 oratorio
904 870 1062 916 Sancti
1102 868 1432 932 Symphoriani
1476 869 1714 932 martyriS.
1752 869 1969 917 Secundo

561 965 687 995 anno
713 957 819 1011 post
844 947 939 1011 ejus
964 956 1166 993 mortem
1181 982 1193 1003 ,
1219 944 1487 992 Rodbertus
1519 947 1738 1009 princeps
1761 945 1969 993 rebella-

562 1026 629 1071 vit
656 1035 822 1072 contra
846 1024 1077 1071 Karolum
1103 1023 1373 1087 Simplicem
1387 1059 1400 1080 ,
1429 1033 1691 1088 unctusque
1714 1033 1782 1070 est
1810 1023 1859 1070 in
1882 1023 1970 1070 ba-

561 1102 687 1148 silica
707 1102 757 1148 in
777 1117 939 1165 regem
958 1104 1033 1148 111o
1054 1100 1146 1146 kal.
1161 1099 1284 1164 julii.
1305 1100 1369 1146 Et
1388 1098 1602 1146 nondum
1619 1117 1746 1146 anno
1763 1100 1968 1163 expleto,

562 1186 611 1223 X⁰
630 1186 717 1224 v11⁰
740 1177 835 1223 kal.
861 1176 964 1240 julii
987 1176 1162 1222 sactum
1186 1185 1254 1221 est
1287 1174 1469 1221 bellum
1495 1175 1750 1222 suessionis
1781 1176 1971 1223 civitate

564 1256 689 1301 inter
714 1254 945 1313 Karolum
969 1254 1267 1317 Simplicem,
1295 1263 1341 1300 et
1365 1253 1518 1316 ipsum
1543 1253 1864 1311 Rodbertum,
1890 1254 1972 1319 qui

564 1334 795 1379 invaserat
813 1333 1108 1379 Francorum
1131 1348 1357 1396 regnum,
1384 1330 1466 1376 ubi
1490 1331 1762 1378 interfectus
1786 1341 1854 1377 est
1878 1331 1974 1395 ipse

564 1409 833 1457 Rodbertus
862 1411 948 1471 (ι).
980 1409 1159 1457 Karolo
1190 1425 1303 1456 vero
1333 1427 1358 1454 a
1389 1408 1514 1455 caede
1542 1408 1655 1456 belli
1685 1409 1865 1455 victore
1895 1425 1977 1455 re—

565 1497 777 1534 vertente
796 1486 885 1550 (2),
898 1486 1109 1534 occurrit
1129 1486 1195 1531 illi
1214 1484 1493 1543 Herbertus,
1517 1483 1778 1532 infidelium
1792 1485 1977 1550 nequis-

566 1564 731 1622 simus,
760 1574 807 1608 et
832 1562 919 1609 sub
941 1562 1062 1609 fictae
1088 1563 1211 1625 pacis
1241 1562 1560 1619 simulatione,
1593 1562 1641 1608 in
1673 1572 1825 1609 castro
1849 1561 1978 1627 quod

568 1642 777 1688 Parrona
800 1640 992 1698 dicitur,
1017 1650 1071 1686 ut
1089 1639 1356 1704 hospitandi
1380 1640 1528 1704 gratia
1548 1638 1827 1697 diverteret,
1854 1656 1979 1687 com-

569 1718 716 1781 pulit,
742 1729 789 1764 et
812 1719 876 1764 sic
901 1734 1009 1764 eum
1030 1717 1142 1763 dolo
1166 1728 1356 1780 captum
1378 1717 1591 1763 retinuit.
1619 1715 1832 1764 Habebat
1851 1716 1978 1763 enim

571 1795 696 1841 idem
740 1794 1008 1841 Rodbertus
1057 1810 1270 1840 sororem
1317 1794 1446 1839 istius
1492 1793 1715 1840 Herherti
1767 1794 1816 1839 in
1863 1810 1977 1840 con-

565 1871 697 1935 jugio
721 1873 814 1933 (3),
842 1869 900 1916 de
924 1886 1020 1934 quo
1042 1879 1174 1916 ortus
1197 1880 1265 1915 est
1291 1870 1430 1933 Hugo
1453 1869 1670 1933 Magnus.
1697 1869 1801 1916 Illic
1824 1870 1981 1934 itaque

570 1947 747 2010 positus
771 1946 999 2004 KaroluS,
1026 1944 1281 1992 Rodulsum
1296 1981 1309 2003 ,
1335 1944 1548 1992 nobilem
1578 1944 1730 1991 filium
1761 1944 1947 1991 Ricardi
1963 1981 1975 2001 ,

619 2164 669 2208 (1)
686 2163 737 2197 lei
764 2169 868 2197 notre
886 2169 1016 2197 auteur
1032 2174 1051 2196 a
1072 2173 1118 2196 eu
1145 2168 1220 2196 tort
1238 2161 1283 2196 de
1303 2161 1495 2208 s'eloigner
1516 2162 1561 2197 de
1579 2161 1613 2197 la
1642 2162 1846 2209 chronique
1863 2162 1978 2209 origi-

576 2222 669 2257 nale.
686 2222 737 2256 Ce
754 2234 798 2255 ne
813 2221 869 2256 fut
886 2221 991 2268 point
1008 2220 1143 2264 Raoul,
1167 2221 1257 2255 mais
1276 2233 1341 2256 son
1363 2222 1450 2267 pere
1469 2220 1634 2256 Richard
1658 2220 1722 2268 qui
1741 2227 1892 2256 mourut
1913 2224 1932 2256 a
1950 2221 1982 2256 la

577 2280 626 2314 fin
643 2279 766 2314 d'aofit
782 2291 864 2327 921,
885 2286 921 2315 et
940 2280 997 2315 sut
1020 2281 1186 2323 enterre,
1207 2279 1240 2314 le
1263 2286 1306 2314 1er
1324 2279 1549 2327 septembre,
1572 2279 1662 2314 dans
1681 2278 1816 2325 l'eglise
1840 2279 1982 2315 Sainte-

576 2339 765 2374 Colombe.

624 2399 764 2433 Robert
781 2398 837 2433 sut
859 2401 958 2433 sacre
976 2399 1009 2434 le
1028 2410 1071 2433 20
1085 2399 1167 2445 juin
1184 2411 1264 2447 922.

624 2457 673 2492 La
688 2457 832 2492 bataille
851 2457 896 2491 de
916 2458 1080 2493 Soissons
1092 2465 1156 2493 eut
1172 2457 1247 2492 lieu
1263 2457 1296 2492 le
1314 2456 1352 2491 15
1366 2457 1448 2502 juin
1460 2456 1541 2504 925.
1563 2457 1686 2503 Voyez
1708 2467 1770 2490 sur
1785 2467 1840 2491 ses
1857 2455 1986 2491 details

580 2517 613 2551 le
631 2517 753 2551 moine
772 2516 922 2560 Esther,
944 2517 1007 2552 lib.
1031 2529 1062 2561 1,
1085 2519 1149 2561 45,
1172 2517 1229 2561 46.

628 2577 678 2621 (2)
705 2577 855 2612 Charles
884 2590 929 2612 ne
959 2579 1033 2623 prit
1060 2591 1179 2613 aucun
1206 2578 1259 2612 air
1276 2576 1320 2612 de
1337 2577 1523 2623 triomphe
1541 2577 1644 2623 apres
1662 2576 1694 2610 ia
1713 2576 1881 2618 bataille3
1903 2588 1988 2611 mox

583 2639 651 2670 iter·
668 2639 745 2671 sinc
766 2638 890 2682 spoliis
910 2639 945 2671 in
968 2638 1155 2684 Belgicam
1175 2639 1330 2672 retorsit.
1359 2636 1455 2672 C’est
1480 2638 1499 2670 ἐι
1517 2648 1581 2670 son
1600 2642 1725 2670 retour
1743 2635 1788 2670 de
1810 2635 1842 2670 Ιὲι
1859 2642 1896 2670 et
1916 2647 1988 2670 non

584 2695 627 2729 dc
645 2695 809 2730 Soissons
834 2696 1057 2742 qn'Herbert
1078 2697 1252 2743 s'empara
1271 2696 1316 2731 de
1336 2707 1372 2730 sa
1390 2707 1569 2742 personne
1591 2702 1626 2730 et
1652 2694 1684 2729 lc
1702 2694 1886 2729 conduisit
1913 2694 1988 2741 pri-

587 2754 736 2788 §onnier
754 2755 771 2788 ἐι
792 2755 970 2789 peronne.

628 2811 677 2857 (3)
697 2812 860 2856 Beatiix,
883 2813 1036 2849 §ccondc
1055 2814 1122 2849 fille
1142 2815 1334 2849 ‹l’Hci‘bcrt
1354 2814 1415 2856 1²2
1438 2820 1553 2848 romu*
1577 2812 1618 2847 dc
1643 2811 1893 2846 Yermandois
