2033 3445
96 270 215 316 [VERE
241 274 358 322 1098]
608 282 763 323 LIBER
793 288 971 328 NONUS.
1426 309 1499 343 302)

1421 333 1484 347 μ-.

94 350 299 401 buslibet
317 362 549 410 mortibus
563 368 870 419 funestarent.
892 374 1161 439 Christiani,
1180 399 1355 447 praeter
1377 391 1495 452 haec,

94 432 274 493 magnis
290 435 617 501 affligebantur
637 446 963 510 incommodis,
981 456 1087 517 quia
1104 475 1190 506 nec
1208 462 1501 518 obsidionem

92 502 325 565 deserere,
353 529 440 560 nec
458 520 625 578 procul
643 538 666 566 a
688 525 847 570 castris
865 527 1100 577 audebant
1121 540 1391 596 procedere.
1414 546 1500 592 Re-

90 582 254 644 giones
278 589 559 641 circumsitae
575 599 674 660 jam
696 600 742 645 in
768 611 944 649 tantam
968 608 1168 658 redactae
1186 629 1319 663 erant
1341 622 1499 669 solitu-

87 657 271 717 dinem,
301 676 351 710 ut
392 670 568 716 nullam
594 674 656 718 eis
691 679 1045 740 suppeditarent
1069 688 1354 750 pabulorum
1383 700 1498 746 sub—

86 735 500 791 ministrationem.
560 749 701 796 Turci
759 755 1008 818 nimirum,
1065 766 1236 828 quibus
1281 772 1496 824 locorum

84 819 462 875 opportunitates
500 828 702 890 cognitae
735 846 894 895 erant,
922 839 1262 894 frumentatum
1298 855 1496 901 cursita-

84 887 223 947 bant,
263 905 309 940 et
345 897 620 950 Christianis
656 912 879 957 attentius
935 916 1292 972 insidiabantur.
1342 929 1494 980 Porro

31 965 35 969 ’
82 984 393 1037 quaecumque
417 977 650 1038 civitates,
674 1002 986 1055 quaecumque
1005 999 1217 1057 castella,
1246 1020 1493 1067 quaecum-

78 1060 169 1107 que
191 1051 446 1114 municipia
462 1091 475 1111 ,
505 1059 707 1120 quilibet
731 1061 899 1122 homo,
924 1072 1149 1133 quaelibet
1171 1080 1361 1139 mulier,
1385 1101 1493 1131 om-

81 1138 186 1178 nes,
217 1127 296 1189 qui
329 1129 401 1174 vel
429 1150 579 1196 prope
612 1138 680 1183 vel
704 1144 873 1201 procul
899 1160 1056 1206 erant,
1085 1152 1360 1206 Christianis
1394 1162 1490 1209 ini—

80 1200 396 1251 micabantur.
437 1209 600 1258 Omnis
641 1215 769 1263 locus
803 1220 1074 1272 obstructus
1109 1243 1234 1289 erat,
1276 1253 1334 1282 ne
1369 1239 1489 1287 sorte

79 1281 395 1341 negotiatores
429 1286 485 1332 ad
515 1305 592 1335 eos
627 1296 938 1346 accessissent.
966 1303 1128 1368 Itaque
1164 1310 1485 1372 perhorrenda

77 1356 471 1416 periclitabantur
494 1365 761 1418 eduliorum
786 1374 960 1439 inopia.
994 1380 1226 1432 Nobilitas
1250 1388 1411 1452 igitur,
1435 1406 1483 1441 ut

74 1431 202 1492 plebi
228 1439 552 1499 consulerent,
581 1446 952 1500 misericorditer
974 1459 1307 1511 anxiabantur.
1330 1468 1487 1516 Consi-

74 1507 190 1556 lium
217 1512 427 1563 inierunt
461 1530 513 1564 ut
546 1521 912 1576 Machomariam
940 1536 1207 1595 munirent,
1237 1553 1282 1587 et
1320 1544 1483 1593 Turcis

71 1663 210 1709 etiam
246 1677 295 1712 ut
328 1669 629 1721 Buamundus
661 1677 781 1737 dux,
810 1693 856 1728 et
878 1684 1195 1749 Raimundus,
1223 1695 1482 1747 Tolosanus

70 1754 243 1798 eomes,
267 1743 324 1788 ad
342 1745 541 1794 Portum
561 1751 716 1799 Sancti
742 1755 973 1806 Simeonis
990 1763 1058 1826 (2)
1083 1765 1234 1826 irent,
1253 1782 1299 1816 et
1321 1790 1480 1837 popu-

68 1813 197 1874 lum,
226 1820 306 1883 qui
334 1821 397 1868 ihi
434 1829 733 1888 expectabat,
761 1833 816 1878 ad
853 1835 1148 1888 obsidionem
1175 1846 1475 1898 adducerent.

69 1892 253 1956 Itaque,
274 1898 354 1960 qui
376 1899 421 1945 in
445 1905 605 1950 castris
624 1923 980 1972 remanserunt,
1001 1918 1196 1965 accincti
1218 1923 1398 1985 gladiis,
1421 1929 1478 1975 ad

65 1972 306 2019 castellum
362 1976 679 2028 inchoandum
737 1989 1026 2037 unanimiter
1077 2012 1123 2040 se
1185 2015 1478 2064 praeparave-

65 2059 180 2093 runt
196 2049 286 2111 (3).
309 2052 450 2100 Turci
470 2068 644 2115 autem,
667 2079 754 2108 nec
772 2081 973 2114 numero
991 2087 1077 2117 nec
1093 2076 1234 2121 armis
1253 2077 1470 2142 impares,

61 2163 1458 2207 -ἏἏἋἊ

108 2229 158 2274 (1)
183 2230 287 2266 Cette
310 2234 509 2270 resolution
536 2250 580 2272 nc
604 2240 659 2274 fut
682 2242 796 2287 prise,
820 2256 866 2278 ou
887 2259 929 2280 au
955 2250 1073 2284 moins
1093 2255 1280 2300 executee‚
1306 2259 1472 2306 qu'apres

61 2298 132 2333 que
150 2287 200 2323 les
218 2291 445 2327 musulmans
463 2304 593 2331 curent
612 2302 757 2335 enterre
774 2301 870 2338 leurs
888 2314 1002 2341 morts
1017 2316 1149 2345 auteur
1167 2313 1212 2348 de
1228 2314 1261 2348 la
1279 2321 1449 2365 mosque'e
1461 2350 1469 2364 ,

60 2352 97 2379 et
120 2359 190 2393 que
208 2347 258 2384 les
283 2351 478 2387 Chretiens
499 2364 629 2391 curent
651 2359 811 2395 exhume
833 2375 892 2397 ees
915 2365 1082 2402 cadavres
1100 2382 1194 2415 pour
1212 2373 1406 2421 s'emparer
1426 2379 1470 2413 de

61 2404 156 2440 leurs
175 2408 294 2443 rienes
312 2410 531 2458 depouilles‚
553 2428 693 2451 comme
710 2430 757 2452 on
776 2421 808 2454 le
826 2433 926 2456 verra
944 2425 1107 2472 ci-apres.
1127 2430 1173 2463 La
1192 2436 1364 2480 mosquee
1382 2438 1471 2471 etait

60 2475 122 2499 sur
139 2465 169 2500 la
190 2468 264 2502 rive
281 2469 419 2514 dieite,
441 2474 459 2506 a
478 2486 546 2519 peu
568 2475 613 2510 de
631 2476 792 2514 distance
810 2487 847 2514 et
865 2485 1056 2530 presqu'en
1074 2487 1151 2522 face
1169 2490 1218 2524 du
1239 2501 1341 2538 pont.

105 2525 154 2570 (2)
179 2527 236 2560 Au
264 2529 357 2574 sujet
384 2531 428 2566 de
455 2546 495 2567 ce
522 2542 606 2580 port
632 2537 888 2582 (aujourd’hui
913 2542 1110 2592 Souedie),
1131 2559 1241 2596 voyez
1265 2553 1464 2597 ci-dessm,

58 2588 86 2616 t.
104 2583 158 2627 II,
180 2598 213 2632 p.
232 2586 295 2630 66,
318 2596 354 2623 et
371 2599 516 2627 surtout
534 2593 563 2627 la
584 2597 894 2642 correspondance
908 2600 1080 2639 d'Orient
1100 2606 1227 2653 (lettre
1246 2616 1398 2658 etxxw).
1420 2617 1466 2649 lic·

56 2642 163 2686 *rajet
178 2657 271 2690 pour
286 2648 335 2693 εἰν
351 2650 482 2686 rendre
499 2652 730 2697 d’Antioche,
748 2664 801 2692 est
815 2658 860 2693 de
875 2660 960 2708 cinq
977 2662 1120 2707 heures,
1137 2668 1241 2713 parla
1259 2671 1332 2705 rive
1346 2672 1464 2707 droit«

53 2698 100 2733 de
118 2700 297 2739 l'Oronte.

101 2759 151 2802 (3)
178 2762 227 2798 Ce
248 2764 301 2799 fut
322 2766 356 2799 «le
380 2776 498 2803 comto
525 2771 572 2804 ‹lf-
599 2773 783 2809 Toulouse
807 2778 868 2823 qui
896 2790 932 2813 se
957 2781 1110 2828 cliargea
1129 2784 1174 2819 (lc
1196 2789 1368 2831 pourvoir
1390 2792 1405 2823 51
1433 2792 1459 2824 la

151 2837 217 2870 ιιι.
1205 2849 1259 2901 34
