2085 3455
605 300 678 336 158
962 297 1203 336 HISTORIA
1234 295 1633 335 ECCLESIASTICA.

600 385 859 431 Simonem.
880 384 1110 431 Henricus
1129 401 1267 439 vero,
1293 384 1372 448 qui
1394 384 1736 448 primogenitus
1756 395 1880 441 erat,
1907 384 2000 429 Hu-

601 478 773 526 gonem
809 471 856 506 et
893 459 1107 507 Odonem
1141 460 1304 524 genuit
1320 480 1334 517 3
1379 460 1458 507 sed
1495 471 1603 506 aute
1645 470 1828 523 patrem
1866 476 2001 506 suum

601 539 737 604 obiit.
765 540 902 603 Hugo
925 537 1157 603 siquidem
1179 554 1266 584 avo
1288 538 1335 583 in
1354 537 1524 585 ducatu
1541 538 1755 585 successit
1767 574 1780 595 ,
1804 538 2002 601 ingenti-

600 633 691 681 que
717 615 952 679 probitate
973 615 1182 678 pollenS,
1213 614 1364 661 tribus
1391 616 1526 662 annis
1553 616 1725 673 tenuit,
1757 633 1809 662 ac
1833 613 2002 661 deinde

600 693 832 751 Odonem‚
846 693 1042 739 fratrem
1056 707 1208 747 suum,
1225 690 1393 738 ducem
1407 692 1535 738 ultro
1546 692 1807 748 coustituit,
1822 701 1869 738 et
1885 691 1998 754 ipse,

600 770 684 816 Dei
710 779 1019 832 compunctus
1047 783 1234 822 amore,
1270 767 1526 814 monachus
1560 768 1876 815 cluniacensis
1908 769 2003 815 fere

600 865 661 895 xv
682 847 815 893 annis
833 846 1048 909 religiose
1063 845 1162 891 Deo
1180 844 1417 890 militavit.
1440 844 1586 891 Adala
1607 862 1720 892 vero
1734 883 1746 903 ,
1768 845 1862 891 filia
1882 845 2006 892 Rod-

599 924 722 971 berti
747 924 886 987 regis,
919 921 1150 967 Balduino
1179 932 1378 985 satrapae
1406 921 1684 968 Flandrensi
1708 923 1755 968 iu
1784 922 2006 986 conjugio

601 1001 702 1047 data
728 1001 835 1050 suit,
862 1016 967 1063 quae
997 998 1309 1062 multiplicem
1341 1000 1381 1045 ci
1415 1000 1599 1062 prolem
1630 1001 1844 1063 peperit:
1874 998 2006 1047 Rod-

600 1079 790 1124 bertum
815 1077 1085 1123 Fresionem
1100 1113 1112 1133 ,
1142 1075 1398 1122 Arnulsum
1421 1088 1467 1123 et
1491 1077 1778 1124 Balduinum
1791 1114 1804 1135 ,
1833 1094 2007 1124 consu-

601 1158 687 1213 les;
713 1154 929 1202 Udouem
949 1154 1311 1200 Tre-verensium
1331 1154 1752 1219 archiepiscopum,
1776 1166 1822 1201 et
1839 1155 2008 1201 Henri-

601 1251 707 1279 cum
725 1233 970 1286 clericum3
989 1231 1268 1277 mathildem
1281 1249 1469 1296 quoque
1489 1233 1701 1297 reginam
1719 1232 2004 1297 Anglorum,

600 1322 646 1357 et
670 1309 913 1356 Juditham
933 1309 1108 1356 Tostici
1134 1309 1263 1356 ducis
1289 1327 1486 1356 uxorem
1516 1312 1604 1374 (ι).

665 1390 747 1435 His
777 1387 1092 1451 temporibus,
1122 1387 1237 1433 dum
1260 1387 1496 1435 Robertus
1528 1399 1573 1434 et
1605 1389 1834 1434 Heuricus
1862 1387 2006 1434 Gallis

600 1467 910 1531 praesuerunt,
929 1464 1091 1511 decem
1108 1465 1245 1528 Papae
1264 1466 1312 1511 iu
1328 1466 1582 1528 apostolica
1600 1464 1705 1512 sede
1719 1465 1807 1512 sibi
1824 1481 2008 1512 succes-

598 1554 785 1602 serunt3
823 1541 869 1588 id
902 1553 971 1588 est
998 1562 1007 1588 :
1037 1541 1294 1588 Gerhertus
1316 1541 1653 1605 Philosophus,
1680 1543 1760 1607 qui
1786 1543 2006 1588 Silvester

599 1621 750 1668 dictus
769 1630 861 1676 est,
889 1630 935 1664 et
958 1617 1222 1675 Johannes‚
1244 1617 1548 1676 Benedictus,
1582 1630 1630 1665 et
1649 1618 1887 1666 Johannes
1909 1620 2008 1665 sra—

602 1709 675 1744 ter
698 1699 817 1762 ejus,
845 1695 1123 1743 Benedictus
1149 1712 1339 1760 quoque
1363 1713 1507 1759 nepos
1544 1713 1734 1753 eorum,
1764 1697 2004 1752 Clemens,

601 1786 647 1821 et
664 1775 884 1820 Damasus
905 1772 1151 1819 nobilitate
1181 1783 1227 1818 et
1248 1771 1417 1819 ardore
1440 1772 1553 1819 honi
1584 1772 1811 1831 fervidus,
1838 1774 1934 1820 Leo
1962 1783 2009 1819 et

602 1853 786 1909 Victor,
810 1851 1070 1914 Stephanus
1089 1861 1136 1897 et
1150 1849 1310 1897 Nicola
1320 1869 1384 1896 us.
1405 1851 1634 1898 Henricus
1649 1864 1805 1898 autem
1820 1888 1830 1908 ,
1851 1851 2008 1896 Frau-

602 1947 767 1977 ¹corum
780 1946 879 1985 rex,
895 1926 1187 1984 Bertradam,
1201 1927 1314 1974 Julii
1330 1927 1509 1973 Claudii
1527 1928 1649 1992 regis
1662 1926 2005 1983 Russiaefiliam‚

650 2090 699 2132 (ι)
729 2090 773 2129 24
798 2087 946 2122 octobre
970 2085 1105 2133 996-20
1129 2084 1252 2131 juillet
1287 2084 1385 2119 1051.
1423 2085 1564 2120 Robert
1590 2092 1626 2120 et
1649 2085 1851 2120 Constance
1879 2091 2009 2118 eurent

605 2151 732 2191 quatre
751 2143 804 2177 fils
825 2159 830 2176 :
849 2144 1000 2188 Hugue,
1024 2142 1138 2176 Heni-i
1152 2170 1160 2181 ,
1183 2140 1324 2175 Robert
1342 2149 1378 2175 et
1399 2140 1517 2183 liude,
1538 2148 1574 2175 et
1591 2140 1685 2175 deux
1705 2140 1793 2175 filles
1814 2156 1819 2173 :
1838 2139 2012 2174 Adela'ide

606 2216 651 2237 ou
667 2204 820 2238 Havoise
837 2209 873 2236 et
886 2201 1011 2236 Ad'elc.
1031 2201 1148 2235 Henri
1163 2201 1207 2234 ΡΥ
1222 2207 1371 2235 mourut
1387 2200 1420 2235 le
1434 2212 1478 2247 29
1491 2201 1576 2234 aout
1595 2199 1692 2243 1060,
1712 2212 1776 2246 par
1789 2200 2012 2246 consequent

605 2265 707 2309 apres
724 2275 774 2297 un
792 2263 904 2308 regne
922 2260 966 2296 de
984 2260 1200 2307 vingt-neus
1215 2271 1290 2294 ans.
1311 2259 1452 2294 Robert
1472 2261 1526 2302 10‘,
1549 2259 1619 2293 duc
1636 2258 1680 2292 de
1699 2259 1938 2305 Bourgogne,
1958 2257 2011 2292 dit

606 2322 638 2356 le
654 2321 790 2364 Yiem,
812 2326 915 2367 recut
930 2325 1023 2353 cette
1038 2319 1211 2364 province
1227 2318 1272 2352 de
1286 2329 1350 2352 son
1364 2319 1460 2352 fri-re
1474 2319 1589 2352 Henri
1613 2330 1657 2351 en
1681 2323 1784 2351 toute
1805 2315 2008 2363 propriete‚

605 2381 676 2414 l'au
698 2379 795 2415 1052.
818 2380 869 2414 Cc
889 2379 1015 2426 priuce
1036 2385 1098 2413 eut
1122 2384 1251 2425 quatre
1277 2377 1331 2412 fils
1352 2384 1389 2412 et
1413 2377 1508 2412 deux
1526 2377 1627 2411 filles.
1650 2378 1679 2411 H
1689 2389 1783 2423 ugue
1802 2377 1857 2420 1⁸,
1878 2376 1940 2423 qui
1960 2375 2012 2410 lui

607 2439 758 2474 succeda
775 2451 818 2473 eu
839 2438 938 2486 1075,
952 2438 1040 2472 etait
1058 2437 1110 2472 fils
1123 2437 1169 2472 de
1184 2437 1313 2480 Henri,
1330 2448 1394 2472 son
1408 2436 1541 2472 second
1555 2436 1618 2470 fils.
1634 2436 1665 2471 Il
1679 2436 1834 2483 resigna,
1849 2448 1896 2470 en
1911 2434 2011 2484 1078,

607 2498 640 2533 le
657 2498 777 2532 duche
795 2500 814 2532 ὲ
837 2509 898 2532 sou
921 2497 1015 2532 frere
1034 2497 1136 2531 Eude
1155 2496 1278 2540 Boi-el,
1298 2508 1392 2544 pour
1411 2509 1447 2531 se
1464 2496 1595 2531 retirer
1614 2498 1633 2530 ἐι
1649 2495 1758 2531 Cluui
1770 2522 1779 2538 ,
1801 2496 1850 2529 οὺ
1864 2494 1890 2529 il
1908 2506 2013 2529 mou-

608 2565 685 2601 rut,
700 2570 746 2592 en
768 2557 866 2604 1095,
884 2558 988 2604 apres
1006 2558 1104 2592 avoir
1123 2559 1180 2592 ete
1198 2557 1322 2592 revetu
1339 2556 1389 2591 du
1404 2556 1604 2591 saeerdoce.
1617 2576 1663 2583 —
1674 2555 1788 2591 Adele
1801 2555 1846 2589 de
1861 2555 2011 2596 France,

608 2619 742 2653 mariee
761 2617 910 2652 d’abord
929 2619 948 2650 ἐι
962 2617 1125 2652 Richard
1140 2618 1193 2651 ΠΙ
1204 2646 1211 2660 ‚
1229 2617 1301 2651 due
1319 2616 1364 2651 de
1381 2616 1605 2651 Rormandie
1618 2642 1626 2657 ‚
1640 2616 1720 2663 puis
1731 2618 1748 2650 ἐι
1760 2614 1951 2650 Baudouin
1967 2615 2010 2657 V,

607 2686 725 2713 comte
744 2677 788 2711 de
808 2677 964 2711 Flandre
978 2705 985 2718 ,
1005 2684 1155 2712 mourut
1174 2690 1219 2711 en
1241 2689 1338 2725 ¹⁰7¹·
1361 2675 1391 2710 Il
1407 2677 1484 2711 saut
1499 2676 1641 2710 excluse
1665 2675 1714 2710 (lu
1730 2675 1882 2709 nombre
1898 2673 1943 2708 de
1960 2685 2013 2708 ses

609 2738 750 2773 cusants
769 2744 826 2771 cet
845 2736 1068 2783 archeveque
1087 2737 1131 2771 de
1150 2738 1300 2780 Treves,
1321 2736 1411 2772 dont
1428 2749 1519 2772 nous
1536 2748 1643 2771 avons
1659 2735 1795 2782 signale
1813 2735 1844 2770 la
1862 2734 2011 2770 filiation

609 2804 709 2833 mute
729 2795 929 2832 different&
