2085 3455
591 291 665 329 184
952 293 1191 331 HlsTORIA
1222 292 1621 330 ECCLESIASTICA.
1850 284 1987 341 [1085]

589 382 670 425 tris
697 396 783 425 nos
809 382 1035 445 reprimit.
1067 386 1198 427 Juste
1229 398 1310 426 nos
1341 381 1579 426 Dominus
1616 391 1666 424 ut
1695 396 1845 424 sert-'os
1876 397 1988 426 suos

588 454 824 512 verberat,
853 466 895 500 et
911 457 1166 521 perspicue
1188 456 1318 519 quod
1335 455 1505 501 mundi
1523 455 1681 519 gloria
1707 472 1799 500 non
1814 459 1873 500 sit
1896 472 1987 518 ap-

582 533 816 597 petenda,
860 533 992 580 nobis
1030 535 1235 580 nuntiat.
1284 534 1482 579 Gratias
1515 534 1586 578 illi
1618 550 1704 596 pro
1742 532 1982 590 omnibus,

585 627 693 673 quce
737 610 872 656 nobis
917 613 1144 674 impertiri
1189 610 1415 671 dignatus
1454 621 1545 666 est,
1588 626 1815 672 agamus,
1863 619 1905 653 et
1941 619 1991 653 ut

583 691 730 734 nostri
745 705 929 753 semper
947 690 1238 742 misereatur,
1263 697 1357 732 toto
1375 687 1518 732 corde
1534 697 1836 750 appetamus.
1859 685 1991 730 Ecce

582 783 668 810 nos
709 764 769 810 de
804 763 1101 828 pauperibus
1132 763 1397 827 infimisque
1428 761 1710 826 parentibus
1742 762 1987 825 processi-

585 859 711 899 mus,
740 852 782 886 et
805 841 960 887 sterile
983 859 1062 885 rus
1101 841 1433 895 Constantini,
1462 855 1738 901 vacuosque
1765 855 1988 883 necessa-

583 921 665 966 riis
690 919 826 965 rebus
841 929 1037 982 penates
1057 917 1330 980 reliquimus
1346 954 1358 971 ,
1382 926 1425 961 et
1442 912 1643 979 prcffecti
1661 916 1862 960 Romam.
1887 932 1991 960 cum

583 1014 762 1060 magno
791 997 956 1041 timore
989 997 1077 1040 vix
1111 997 1515 1058 pertransivimus.
1559 993 1747 1038 Deinde
1782 992 1993 1038 donante

584 1075 688 1119 Deo
713 1090 916 1135 magnas
934 1084 977 1118 et
999 1073 1170 1117 multas
1192 1070 1325 1116 urbes
1348 1070 1654 1116 obtinuimus.
1677 1069 1776 1115 Sed
1793 1070 1883 1115 lzoc
1900 1087 1991 1115 non

583 1152 758 1198 nostris
790 1150 967 1197 viribus
1004 1168 1091 1195 nec
1126 1150 1330 1206 meritis,
1370 1148 1456 1194 sed
1487 1148 1663 1194 dz'vince
1697 1148 1996 1194 ordinationi

585 1233 819 1294 imputare
842 1227 1082 1273 debemus.
1113 1228 1331 1289 Denique
1351 1226 1409 1270 de
1433 1226 1628 1288 imperio
1659 1225 1993 1271 Constantino-

579 1306 803 1371 politano
824 1322 919 1366 pro
948 1303 1157 1349 reatibus
1181 1303 1521 1366 indigenarum
1549 1303 1810 1349 invasimus
1838 1319 1997 1364 quan-

589 1395 686 1428 tum
702 1384 949 1446 potuimus
975 1382 1025 1426 in
1050 1397 1111 1428 xv
1136 1381 1393 1442 peragrari
1419 1379 1603 1425 diebus.
1638 1377 1821 1441 Optime
1849 1380 1997 1423 nostis

589 1459 721 1524 quod
743 1461 792 1504 in
815 1460 893 1505 sui
906 1458 1189 1522 praesidium
1218 1459 1441 1503 invitatus
1462 1474 1567 1503 sum.
1591 1474 1623 1502 a
1646 1455 1887 1502 flfficlzaele
1906 1457 1998 1500 im-

586 1547 831 1600 peratore,
853 1552 990 1599 quem
1010 1537 1130 1581 cives
1147 1535 1225 1580 sui
1242 1534 1302 1579 de
1318 1534 1437 1580 solio
1461 1535 1598 1597 regni
1614 1536 1827 1596 nequiter
1843 1549 1999 1597 expu-

593 1614 711 1670 lere,
751 1616 865 1676 quia
883 1612 1043 1676 filiam
1078 1629 1232 1657 meam
1257 1611 1371 1675 filio
1406 1611 1510 1674 ejus
1551 1610 1737 1656 tradidi
1775 1610 1996 1673 legitime.

597 1690 1079 1753 Constantinopolim,
1116 1707 1262 1752 quam
1288 1688 1503 1752 possidet
1535 1687 1737 1733 imbellis
1762 1687 1972 1751 populus
1983 1724 1998 1743 ,

593 1767 874 1829 deliciisque
905 1767 1109 1811 serviens
1143 1776 1186 1810 et
1215 1765 1451 1821 lascivice,
1481 1764 1804 1820 decreveram,
1833 1765 1878 1809 si
1899 1764 2001 1809 Deo

587 1844 878 1909 placuisset,
921 1841 1171 1888 catholicis
1200 1839 1553 1906 pugnatoribus
1593 1839 1878 1904 subjugare,
1923 1843 2003 1902 qui

595 1932 814 1967 sanctam
843 1920 936 1965 Dei
974 1920 1210 1966 civitatem
1236 1918 1506 1964 Jerusalem
1532 1918 1581 1962 T
1577 1920 1701 1963 urcis
1734 1915 1998 1984 auferrent,

596 1999 887 2061 ethnicisque
935 1997 1051 2043 bello
1105 1997 1305 2060 repulsis
1323 2034 1338 2054 ,
1391 1995 1706 2042 christianum
1755 1995 2003 2059 imperium

596 2078 871 2122 dilatarent.
894 2078 1097 2140 Propter
1115 2075 1202 2120 llOC
1225 2074 1540 2131 desiderium,
1564 2085 1662 2119 tam
1682 2090 1914 2136 magnum
1939 2072 2003 2117 la-

599 2155 784 2211 borem,
827 2165 869 2198 et
898 2165 994 2198 tam
1029 2151 1345 2216 periculosum
1381 2168 1587 2215 agonem
1621 2151 1750 2196 inivi.
1789 2149 1889 2194 Sed
1918 2149 2004 2195 lzoc

599 2233 740 2280 aliter
753 2231 997 2277 ordinavit
1023 2228 1446 2292 irreprelzensibilis
1469 2228 1686 2273 voluntas
1704 2228 2003 2291 omnipoten-

600 2311 658 2355 tis
680 2310 789 2355 Dei.
818 2308 985 2354 David
1005 2307 1229 2372 templum
1248 2307 1350 2352 Deo
1374 2305 1716 2366 Hierosolymis
1738 2315 2005 2351 construere

598 2386 772 2441 voluit,
797 2384 885 2431 sed
904 2384 993 2430 lzoc
1015 2401 1046 2430 u
1065 2385 1321 2430 Salomone
1326 2383 1444 2447 filio
1470 2383 1575 2446 ejus
1598 2383 1774 2445 peragi
1794 2399 1897 2427 cum
1924 2383 2003 2427 in-

595 2463 730 2526 genti
770 2460 983 2525 tripudio
1013 2460 1146 2506 Deus
1181 2460 1436 2524 disposuit.
1472 2458 1558 2504 Sic
1595 2457 1734 2504 labor
1766 2475 1919 2515 meus,
1955 2467 2004 2502 ut

601 2550 792 2586 autumo
806 2537 1014 2601 ,suturis
1048 2537 1332 2602 temporibus
1361 2535 1789 2592 consummabitur,
1811 2546 1858 2580 et
1863 2532 2004 2598 fruc-

602 2628 676 2662 tus
709 2615 884 2661 laboris
912 2614 1202 2677 quandoque
1221 2611 1625 2674 manifestabitur,
1654 2622 1699 2658 et
1721 2613 2005 2658 incitamen-

602 2706 700 2739 tum
725 2703 867 2738 tantce
887 2690 1138 2755 probitatis
1165 2692 1343 2736 utiliter
1357 2691 1556 2754 posteris
1582 2690 1750 2734 nostris
1766 2689 2006 2752 propina-

601 2771 738 2817 bitur.
782 2769 907 2814 Hinc
933 2769 1096 2830 igitur,
1139 2786 1165 2812 o
1193 2769 1304 2828 viri
1313 2765 1462 2824 sortes
1474 2803 1488 2822 ,
1527 2766 1721 2827 sapiens
1754 2763 2002 2811 consilium
