2033 3445
39 363 310 412 [1035-1087]
512 362 660 400 LIBER
691 362 956 400 SEPTIMUS.
1362 369 1438 405 225

38 449 197 495 missus
220 448 380 494 tuteiae
406 448 579 494 Aianni
600 448 932 512 consanguinei
960 450 1025 494 sui
1042 485 1054 507 ‚
1078 451 1262 495 comitis
1286 452 1441 498 Brito-

39 543 151 571 num
175 526 262 587 (i).
291 523 503 570 Roberto
528 524 683 588 itaque
711 535 757 571 et
785 525 1008 588 Drogone
1030 525 1260 572 defunctis
1286 527 1331 572 in
1361 545 1441 590 pe-

38 601 355 665 regrinatione
371 637 383 657 ,
430 612 476 646 et
518 601 709 647 Alanno
726 637 738 657 ,
786 601 899 647 dum
946 603 1440 650 Montem-Gomerici

38 675 242 735 obsidet,
278 693 363 739 per
395 675 605 722 fraudem
642 677 1031 724 *Normannorum
1064 678 1302 725 lethaliter
1333 697 1444 726 cor-

38 765 176 818 rupto
199 771 430 801 venenosa
459 755 677 817 potione,
709 766 754 801 et
780 772 946 801 eorum
974 755 1239 802 haeredibus
1268 758 1443 803 nefarie

38 833 228 896 privatis
267 833 519 878 necessaria
561 834 760 879 tuitione
778 869 789 889 ‚
825 835 1056 880 Henricus
1098 852 1180 880 rex
1197 872 1206 889 ,
1244 836 1443 882 consilio

36 911 342 967 Francorum,
367 911 444 975 qui
466 927 652 973 semper
669 911 957 958 Normannis
976 912 1301 971 adversantur,
1322 913 1445 960 Vul-

37 987 263 1034 cassinum
292 1005 463 1051 pagum
492 986 625 1033 avide
656 989 870 1050 repetiit,
898 990 1090 1054 jurique
1118 1007 1202 1036 suo
1228 1001 1446 1054 postmo—

35 1065 145 1111 dum
167 1082 351 1129 semper
375 1066 676 1128 mancipavit.
704 1066 984 1112 Guilielmus
1008 1078 1161 1113 aurem
1192 1078 1330 1123 tunc,
1358 1086 1446 1131 pro

34 1142 200 1205 puerili
215 1141 475 1198 debilitate,
489 1143 562 1206 jus
575 1142 824 1189 vendicare
836 1161 970 1189 suum
989 1162 1082 1191 non
1096 1146 1269 1208 potuit.
1283 1146 1445 1192 Postea

33 1236 146 1266 vero
162 1220 420 1284 majoribus
440 1219 526 1266 sibi
544 1220 667 1265 curis
686 1221 730 1266 in
752 1221 1162 1268 Cenomannenses
1177 1223 1249 1268 vel
1266 1222 1447 1290 Angios

34 1298 366 1354 crescentibus,
389 1298 642 1353 conticuit,
664 1309 711 1344 et
732 1309 895 1344 contra
916 1300 1177 1346 Henricum
1197 1298 1444 1347 dominum

31 1391 190 1432 suum,
209 1393 287 1422 seu
307 1375 579 1438 Philippum
598 1375 748 1421 filium
768 1377 862 1439 ejus
877 1413 888 1432 ,
917 1393 1007 1439 pro
1030 1377 1306 1424 vulcassino
1326 1395 1446 1442 pago

32 1471 159 1499 arma
187 1454 342 1499 levare
365 1454 565 1500 distulit.

96 1531 245 1594 Igitur
264 1548 388 1577 anno
410 1541 490 1577 xx⁰
508 1541 542 1577 1'¹
561 1547 616 1576 ex
637 1547 732 1594 quo
751 1547 891 1593 super
913 1531 1094 1595 Anglos
1115 1533 1348 1597 regnavit,
1371 1551 1447 1580 re-

31 1608 333 1672 quisitionem
352 1619 397 1653 et
419 1608 702 1654 calumniam
723 1607 781 1653 de
800 1607 1076 1655 Vuicassino
1097 1611 1323 1655 comitatu
1342 1609 1448 1656 Phi-

32 1685 186 1749 lippo,
215 1685 312 1749 regi
333 1684 623 1731 Francorum
639 1722 651 1741 ,
678 1686 803 1731 fecit.
825 1685 910 1731 Ille
938 1697 1094 1732 autem
1116 1687 1445 1734 seditiosorum

31 1761 208 1809 *frivolis
244 1762 605 1826 sophismatibus
638 1781 744 1808 usus
781 1774 873 1820 est,
917 1774 964 1809 et
1002 1764 1284 1829 Angligenae
1326 1767 1447 1829 regis

34 1840 279 1902 petitiones
303 1840 502 1886 omnino
525 1857 752 1903 spernens
777 1844 1027 1886 frustratus
1051 1852 1135 1888 est.
1167 1842 1447 1889 Guillelmus

34 1932 146 1981 ergo
170 1918 335 1963 ultima
360 1918 531 1964 mensis
549 1918 653 1980 julii
685 1920 942 1981 septimana
969 1921 1065 1982 (2),
1100 1938 1204 1966 cum
1236 1922 1446 1967 exercitu

34 2010 131 2051 suo,
154 1995 428 2042 Madantum
450 2012 505 2042 ex
534 1997 792 2060 improviso
818 1998 970 2050 venit,
1000 2010 1044 2044 et
1067 2016 1172 2044 cuin
1194 2001 1446 2046 castrensi—

35 2070 117 2117 bus
133 2073 318 2118 mixtim
340 2073 550 2119 intravit.
575 2074 747 2120 Milites
766 2075 892 2121 enim
913 2076 1096 2121 occulte
1116 2077 1187 2139 (ὅ)
1209 2078 1442 2131 exierant,

37 2160 86 2195 ut
103 2149 319 2196 viderent
336 2152 740 2199 conculcationem
764 2165 970 2217 segetum
993 2171 1180 2199 suarum
1198 2191 1208 2210 ‚
1237 2166 1284 2200 et
1306 2157 1447 2201 extir—

37 2228 272 2290 pationem
291 2230 555 2286 vinearum,
579 2248 692 2294 quas
712 2230 954 2278 Ascelinus
971 2232 1162 2279 Goeilus
1181 2234 1270 2296 (4),
1296 2233 1447 2296 pridie

39 2461 165 2485 encore
182 2452 313 2486 atteint
331 2453 492 2486 soixante
510 2465 574 2486 ans
593 2452 715 2499 quand
737 2452 761 2486 il
785 2459 950 2493 moui-ut,
975 2452 1006 2486 li·
1024 2466 1046 2499 ι)
1065 2455 1271 2500 septembr(-
1296 2456 1392 2502 ιο87.
1422 2457 1444 2488 Η

39 2510 124 2544 &tait
140 2509 234 2545 donc
253 2513 297 2545 ne
312 2511 401 2545 dans
421 2512 470 2546 los
489 2511 654 2546 derniers
673 2512 763 2546 mois
782 2511 826 2545 de
847 2524 930 2559 1027
949 2524 995 2545 ou
1015 2512 1063 2545 ies
1082 2514 1260 2559 prcmicrs
1278 2513 1323 2548 de
1347 2515 1444 2548 10128.

83 2570 253 2615 (1)Alain
275 2572 348 2612 Ill,
375 2571 447 2606 duc
471 2571 516 2606 de
541 2572 739 2618 Bretagne,
766 2579 862 2605 inort
885 2584 949 2617 pai·
971 2573 1310 2618 empoisonneincnt
1336 2576 1353 2606 a
1379 2574 1449 2607 xi-

40 2630 226 2668 nioutiers,
251 2629 283 2664 lc
308 2638 351 2664 1²¹
371 2630 519 2665 octobre
542 2633 640 2673 1040.

85 2687 134 2732 (2)
152 2688 257 2723 Cette
274 2690 433 2723 semaine
451 2690 544 2724 avait
561 2691 772 2724 conimence
791 2689 822 2723 le
842 2689 1036 2724 ‹linianclic
1055 2688 1097 2723 25
1112 2689 1246 2735 juillet.

84 2745 134 2791 (3)
151 2749 206 2782 Au
224 2748 296 2783 lieu
315 2748 359 2782 de
377 2761 416 2784 ce
436 2756 531 2792 mot,
556 2749 639 2783 lisez
659 2765 665 2783 2
684 2756 718 2783 et
736 2750 887 2794 vulgus.
909 2749 974 2784 Ms.
995 2749 1040 2783 (le
1059 2748 1091 2782 la
1110 2750 1212 2783 rcino
1231 2749 1275 2783 (lc
1294 2749 1424 2783 Sniulv.

87 2806 138 2853 (4)
158 2807 228 2842 Sur
248 2809 392 2844 Ascelin
416 2809 530 2851 Geel,
559 2810 729 2855 seigneur
753 2809 798 2842 ιΙι»
823 2809 965 2844 Bromi.
993 2822 1098 2854 vowz
1125 2809 1319 2845 eiwivssus,
1348 2815 1371 2841 t.
1400 2808 1446 2841 ΙΙ.

41 2877 75 2910 p.
97 2865 174 2914 469.

137 2941 208 2971 ιιι.
1205 2929 1252 2971 15
