2033 3445
618 322 769 360 LIBER
799 322 1044 360 OCTAVUS.
1454 325 1531 366 445

127 410 331 455 lucentes
357 408 405 453 in
431 408 688 472 caliginoso
718 409 851 465 loco,
890 408 1118 453 renitent.
1144 408 1283 455 Omni
1318 420 1534 474 tempore

125 485 309 532 silentio
351 484 568 542 student,
607 486 770 531 fucatis
811 484 1015 530 vestibus
1056 486 1127 548 (1)
1165 503 1261 531 11011
1304 488 1543 545 11111111111Ἴ,

125 561 339 608 manibus
357 563 564 625 propriis
584 561 826 618 laborant,
849 562 1122 625 victumque
1143 561 1228 607 sibi
1249 573 1295 607 et
1312 565 1529 610 vestitum

126 639 382 687 vindicant.
421 639 652 685 Omnibus
679 639 868 697 diebus,
900 650 1076 703 praeter
1105 640 1438 698 Dominienm,
1473 642 1534 687 ab

127 716 277 763 idibus
296 716 572 780 septembris
593 717 662 780 (2)
688 734 831 780 usqne
851 717 908 763 ad
927 716 1099 763 Pascha
1118 718 1348 782 jejunant.
1371 719 1534 766 Aditus

127 812 232 842 suos
254 795 361 841 satis
384 794 630 853 obserant,
657 805 704 841 et
727 806 902 841 secreta
928 813 1006 841 sua
1033 812 1331 858 summopere
1360 796 1530 842 celant.

127 871 321 918 Nullum
343 871 534 917 alterius
556 872 761 918 ecelesiae
785 870 1070 918 monachum
1095 871 1141 917 in
1167 872 1258 917 suis
1286 874 1537 935 penetrali-

127 947 213 994 bus
245 947 528 1005 admittunt,
563 965 649 995 nee
682 949 728 994 in
755 949 1017 995 oratorium
1044 948 1101 994 ad
1128 949 1313 994 missam
1341 950 1415 995 vel
1447 951 1533 997 alia

129 1025 315 1071 servitia
366 1041 521 1071 seeum
577 1023 758 1087 ingredi
815 1025 1117 1088 permittunt.
1167 1024 1305 1070 Multi
1353 1025 1536 1073 nobiles

129 1101 315 1148 athletae
356 1113 403 1148 et
440 1101 660 1165 profundi
700 1101 918 1165 sophistae
958 1101 1015 1148 ad
1055 1102 1159 1147 illos
1198 1119 1287 1165 pro
1327 1103 1536 1149 novitate

129 1179 462 1243 singularitatis
491 1190 865 1236 concurrerunt,
900 1190 945 1225 et
976 1180 1243 1225 inusitatam
1271 1178 1534 1226 districtio—

129 1272 238 1302 nem
275 1256 404 1302 ultro
443 1257 818 1318 complexantes,
862 1257 909 1301 in
943 1256 1017 1301 via
1057 1266 1181 1302 recta
1218 1255 1310 1301 laeti
1347 1256 1535 1303 Christo

129 1330 326 1395 hymnos
366 1333 542 1378 laetitiae
577 1332 803 1378 modulati
838 1333 1047 1378 suerunt.
1082 1334 1134 1378 In
1171 1332 1364 1378 desertis
1397 1343 1536 1396 atque

129 1409 418 1456 silvestribus
447 1411 562 1457 loeis
591 1411 872 1456 monasteria
903 1411 1101 1473 proprio
1126 1410 1287 1456 labore
1311 1409 1539 1457 condide-

128 1498 266 1545 runt,
292 1498 339 1534 et
356 1505 483 1534 sacra
506 1488 595 1533 illis
614 1488 806 1533 nomina
829 1488 989 1533 solerti
1010 1488 1282 1550 provisione
1302 1487 1537 1550 imposue-

130 1575 269 1622 runt,
296 1575 349 1610 ut
370 1575 438 1611 est
459 1565 637 1611 Domus
660 1565 770 1622 Dei,
796 1565 1092 1620 Claravallis‚
1125 1565 1282 1610 Bonus
1306 1565 1467 1622 Mons,
1493 1575 1540 1610 et

128 1642 434 1705 Eleemosyna
460 1644 550 1703 (ὅ),
585 1653 630 1687 et
657 1642 743 1687 alia
768 1642 903 1704 plura
928 1640 1221 1705 hujusmodi,
1252 1641 1421 1706 quibus
1450 1660 1537 1688 au-

130 1720 305 1767 ditores
345 1721 445 1767 solo
484 1720 689 1766 nominis
733 1730 920 1765 nectare
962 1720 1225 1765 invitantur
1264 1720 1538 1770 festinanter

132 1796 335 1859 experiri
371 1806 545 1860 quanta
580 1796 638 1841 sit
672 1795 733 1840 ibi
772 1794 1040 1851 beatitudo,
1075 1812 1180 1858 quae
1214 1805 1309 1841 tam
1350 1796 1536 1859 speciaii

130 1872 382 1919 denotetur
407 1871 653 1918 vocabulo.

180 2049 230 2094 (1)
248 2048 462 2082 Vetemcnts
480 2047 602 2081 teints.

182 2109 233 2152 (2)
256 2107 302 2141 Le
327 2105 365 2140 15
386 2105 603 2153 septembre.

183 2165 234 2212 (3)
254 2167 300 2200 La
323 2166 596 2208 Maison-Dien,
617 2164 745 2210 depuis
764 2163 911 2210 appelee
928 2163 1090 2204 Noirlac,
1113 2175 1306 2198 commune
1323 2163 1409 2198 dela
1428 2164 1543 2199 Celle-

140 2226 298 2271 Bi'uyere
327 2224 469 2269 (Cher)
490 2241 496 2258 ·.
517 2224 657 2258 Domus
684 2224 754 2257 Det·
779 2235 891 2268 supra
922 2224 1073 2262 Caruili,
1101 2229 1228 2269 postca
1253 2223 1374 2268 Nt'ger
1400 2224 1538 2268 Lacus,

140 2285 274 2331 abbaye
293 2284 337 2319 de
355 2283 488 2318 l'ordre
508 2283 552 2316 de
575 2283 745 2325 (limam,
770 2280 898 2316 10111199
920 2294 997 2316 vers
1019 2281 1122 2325 1156,
1145 2288 1182 2316 et
1200 2294 1271 2316 non
1292 2295 1353 2328 pas
1370 2295 1413 2317 en
1436 2283 1539 2327 1150,

140 2355 282 2378 comme
297 2343 328 2378 le
350 2344 473 2377 Gallia
493 2343 701 2377 Christiana
718 2342 749 2375 le
767 2342 840 2383 (111,
859 2344 877 2375 a
894 2348 986 2382 tort,
1005 2341 1146 2388 d'apres
1160 2340 1192 2375 la
1207 2340 1289 2375 date
1306 2341 1350 2375 (le
1370 2341 1400 2375 la
1419 2342 1544 2378 charte

142 2401 187 2436 de
206 2402 473 2437 confirmation.
494 2401 651 2443 Robert,
675 2413 787 2435 neven
805 2400 849 2434 de
870 2400 963 2434 saint
981 2399 1159 2442 Bernard,
1184 2412 1228 2434 en
1252 2400 1307 2434 sut
1328 2400 1362 2434 le
1386 2403 1545 2447 premier

143 2461 246 2496 abbe.

188 2519 396 2562 Clairvaux,
417 2519 526 2553 sonde‘
546 2532 591 2554 en
614 2532 647 2553 11
660 2518 719 2562 15,
740 2531 804 2564 par
821 2518 914 2552 saint
933 2517 1110 2561 Bernard,
1131 2517 1220 2552 dans
1237 2530 1287 2552 un
1306 2517 1379 2553 lieu
1400 2522 1545 2556 nomme

143 2578 176 2612 le
192 2578 246 2613 val
265 2578 493 2613 d’Absinthe.

190 2637 363 2683 L'abbaye
383 2637 428 2672 de
446 2638 647 2680 Bonmont‚
671 2636 740 2670 fille
760 2635 804 2670 de
822 2635 1032 2681 Clairvaux,
1053 2636 1168 2670 situee
1186 2635 1274 2670 dans
1292 2635 1324 2669 le
1341 2636 1482 2672 diocese
1500 2638 1545 2674 de

146 2697 310 2742 Geneve,
333 2705 368 2733 et
384 2698 515 2733 sondee
536 2698 568 2732 le
587 2710 606 2745 7
623 2698 704 2742 juin
728 2694 825 2730 1131.

193 2757 414 2800 L’Aumbne,
435 2769 482 2792 ou
495 2757 527 2791 le
543 2755 829 2797 Petit-eneam,
849 2753 979 2788 sondee
994 2766 1072 2788 vers
1091 2765 1190 2797 1121,
1205 2766 1269 2800 par
1284 2753 1456 2789 Thibaud
1474 2755 1542 2801 IV,

147 2823 266 2851 comte
285 2816 329 2851 de
348 2816 462 2859 Blois,
484 2818 499 2850 a
523 2823 651 2862 quatre
670 2815 780 2849 tiones
801 2814 836 2849 S.
858 2814 893 2848 S.
914 2814 954 2848 E.
974 2813 1018 2847 de
1036 2813 1290 2849 Chare-nudum.
