<?xml version="1.0" encoding="UTF-8"?>
<!DOCTYPE html PUBLIC "-//W3C//DTD XHTML 1.0 Transitional//EN"
    "http://www.w3.org/TR/xhtml1/DTD/xhtml1-transitional.dtd">
<html xmlns="http://www.w3.org/1999/xhtml" xml:lang="en" lang="en">
 <head>
  <title>
</title>
<meta http-equiv="Content-Type" content="text/html;charset=utf-8" />
  <meta name='ocr-system' content='tesseract 3.04.00' />
  <meta name='ocr-capabilities' content='ocr_page ocr_carea ocr_par ocr_line ocrx_word'/>
</head>
<body>
  <div class='ocr_page' id='page_1' title='image "./ordericivitalish03ordeuoft/ordericivitalish03ordeuoft_0518.png"; bbox 0 0 2085 3455; ppageno 0'>
   <div class='ocr_carea' id='block_1_1' title="bbox 622 303 2022 360">
    <p class='ocr_par' dir='ltr' id='par_1_1' title="bbox 622 303 2022 360">
     <span class='ocr_line' id='line_1_1' title="bbox 622 303 2022 360; baseline 0.005 -20"><span class='ocrx_word' id='word_1_1' title='bbox 622 303 699 341; x_wconf 73' lang='lat'>414</span> <span class='ocrx_word' id='word_1_2' title='bbox 990 304 1230 342; x_wconf 72' lang='lat' dir='ltr'>HISTORIA</span> <span class='ocrx_word' id='word_1_3' title='bbox 1262 303 1666 342; x_wconf 79' lang='lat' dir='ltr'>ECCLESIASTICA.</span> <span class='ocrx_word' id='word_1_4' title='bbox 1754 308 2022 360; x_wconf 78' lang='lat'>[1993-1094]</span> 
     </span>
    </p>
   </div>
   <div class='ocr_carea' id='block_1_2' title="bbox 616 391 2035 1770">
    <p class='ocr_par' dir='ltr' id='par_1_2' title="bbox 616 391 2035 1770">
     <span class='ocr_line' id='line_1_2' title="bbox 618 391 2022 454; baseline 0.004 -17"><span class='ocrx_word' id='word_1_5' title='bbox 618 392 768 447; x_wconf 84' lang='lat' dir='ltr'>laute,</span> <span class='ocrx_word' id='word_1_6' title='bbox 801 407 1022 454; x_wconf 81' lang='lat' dir='ltr'><strong>guerram</strong></span> <span class='ocrx_word' id='word_1_7' title='bbox 1054 391 1264 447; x_wconf 74' lang='lat' dir='ltr'>iteravit,</span> <span class='ocrx_word' id='word_1_8' title='bbox 1297 401 1344 436; x_wconf 83' lang='lat' dir='ltr'>et</span> <span class='ocrx_word' id='word_1_9' title='bbox 1372 391 1689 437; x_wconf 81' lang='lat' dir='ltr'>munitionem</span> <span class='ocrx_word' id='word_1_10' title='bbox 1723 392 1771 438; x_wconf 90' lang='lat' dir='ltr'>in</span> <span class='ocrx_word' id='word_1_11' title='bbox 1801 394 2022 442; x_wconf 80' lang='lat' dir='ltr'>coenobio</span> 
     </span>
     <span class='ocr_line' id='line_1_3' title="bbox 617 466 2022 532; baseline 0.003 -18"><span class='ocrx_word' id='word_1_12' title='bbox 617 467 991 524; x_wconf 85' lang='lat' dir='ltr'>monachorum,</span> <span class='ocrx_word' id='word_1_13' title='bbox 1036 467 1163 532; x_wconf 79' lang='lat' dir='ltr'>quod</span> <span class='ocrx_word' id='word_1_14' title='bbox 1199 468 1429 531; x_wconf 74' lang='lat' dir='ltr'>Rogerius</span> <span class='ocrx_word' id='word_1_15' title='bbox 1469 466 1526 512; x_wconf 84' lang='lat' dir='ltr'>de</span> <span class='ocrx_word' id='word_1_16' title='bbox 1562 467 1721 514; x_wconf 87' lang='lat' dir='ltr'>lbreio</span> <span class='ocrx_word' id='word_1_17' title='bbox 1758 469 1807 514; x_wconf 90' lang='lat' dir='ltr'>in</span> <span class='ocrx_word' id='word_1_18' title='bbox 1845 468 2022 519; x_wconf 85' lang='lat' dir='ltr'>honore</span> 
     </span>
     <span class='ocr_line' id='line_1_4' title="bbox 617 543 2023 606; baseline 0.001 -15"><span class='ocrx_word' id='word_1_19' title='bbox 617 556 789 591; x_wconf 59' lang='lat' dir='ltr'>sanctas</span> <span class='ocrx_word' id='word_1_20' title='bbox 819 545 982 589; x_wconf 65' lang='lat' dir='ltr'>Mariae</span> <span class='ocrx_word' id='word_1_21' title='bbox 1007 555 1335 590; x_wconf 81' lang='lat' dir='ltr'>construxerat</span> <span class='ocrx_word' id='word_1_22' title='bbox 1359 545 1452 606; x_wconf 74' lang='grc' dir='ltr'>(ι),</span> <span class='ocrx_word' id='word_1_23' title='bbox 1482 543 1711 589; x_wconf 74' lang='lat' dir='ltr'>militibus</span> <span class='ocrx_word' id='word_1_24' title='bbox 1733 546 1826 590; x_wconf 87' lang='lat' dir='ltr'>suis</span> <span class='ocrx_word' id='word_1_25' title='bbox 1848 549 2023 594; x_wconf 83' lang='lat' dir='ltr'>consti-</span> 
     </span>
     <span class='ocr_line' id='line_1_5' title="bbox 618 621 2026 686; baseline 0.001 -17"><span class='ocrx_word' id='word_1_26' title='bbox 618 624 724 669; x_wconf 87' lang='lat' dir='ltr'>tuit.</span> <span class='ocrx_word' id='word_1_27' title='bbox 750 623 902 668; x_wconf 92' lang='lat' dir='ltr'>Porro</span> <span class='ocrx_word' id='word_1_28' title='bbox 928 622 1142 677; x_wconf 87' lang='lat' dir='ltr'>Goellus,</span> <span class='ocrx_word' id='word_1_29' title='bbox 1170 623 1249 686; x_wconf 80' lang='lat' dir='ltr'>qui</span> <span class='ocrx_word' id='word_1_30' title='bbox 1275 638 1431 667; x_wconf 80' lang='lat' dir='ltr'>arcem</span> <span class='ocrx_word' id='word_1_31' title='bbox 1456 621 1671 678; x_wconf 81' lang='lat' dir='ltr'>tenebat,</span> <span class='ocrx_word' id='word_1_32' title='bbox 1701 623 1888 686; x_wconf 85' lang='lat' dir='ltr'>copiam</span> <span class='ocrx_word' id='word_1_33' title='bbox 1907 625 2026 671; x_wconf 85' lang='lat' dir='ltr'>mili-</span> 
     </span>
     <span class='ocr_line' id='line_1_6' title="bbox 617 699 2024 764; baseline 0.002 -18"><span class='ocrx_word' id='word_1_34' title='bbox 617 713 719 747; x_wconf 87' lang='lat' dir='ltr'>tum</span> <span class='ocrx_word' id='word_1_35' title='bbox 757 699 1009 755; x_wconf 76' lang='lat' dir='ltr'>conduxit,</span> <span class='ocrx_word' id='word_1_36' title='bbox 1053 699 1109 745; x_wconf 84' lang='lat' dir='ltr'>ad</span> <span class='ocrx_word' id='word_1_37' title='bbox 1151 699 1459 758; x_wconf 84' lang='lat' dir='ltr'>coenobium,</span> <span class='ocrx_word' id='word_1_38' title='bbox 1497 699 1625 764; x_wconf 82' lang='lat' dir='ltr'>quod</span> <span class='ocrx_word' id='word_1_39' title='bbox 1663 711 1775 747; x_wconf 83' lang='lat' dir='ltr'>tunc</span> <span class='ocrx_word' id='word_1_40' title='bbox 1808 701 2024 764; x_wconf 84' lang='lat' dir='ltr'>spelunca</span> 
     </span>
     <span class='ocr_line' id='line_1_7' title="bbox 618 775 2027 842; baseline 0.001 -19"><span class='ocrx_word' id='word_1_41' title='bbox 618 779 859 824; x_wconf 87' lang='lat' dir='ltr'>latronum</span> <span class='ocrx_word' id='word_1_42' title='bbox 875 814 885 831; x_wconf 92' lang='lat'>,</span> <span class='ocrx_word' id='word_1_43' title='bbox 909 777 1033 839; x_wconf 86' lang='lat' dir='ltr'>proh</span> <span class='ocrx_word' id='word_1_44' title='bbox 1054 775 1215 822; x_wconf 69' lang='lat' dir='ltr'>dolor!</span> <span class='ocrx_word' id='word_1_45' title='bbox 1240 776 1462 822; x_wconf 82' lang='lat' dir='ltr'>effectum</span> <span class='ocrx_word' id='word_1_46' title='bbox 1480 778 1656 835; x_wconf 70' lang='lat' dir='ltr'>suerat,</span> <span class='ocrx_word' id='word_1_47' title='bbox 1685 778 2027 842; x_wconf 86' lang='lat' dir='ltr'>appropinqua-</span> 
     </span>
     <span class='ocr_line' id='line_1_8' title="bbox 616 853 2022 913; baseline 0 -12"><span class='ocrx_word' id='word_1_48' title='bbox 616 857 700 910; x_wconf 87' lang='lat' dir='ltr'>vit,</span> <span class='ocrx_word' id='word_1_49' title='bbox 719 867 765 901; x_wconf 86' lang='lat' dir='ltr'>et</span> <span class='ocrx_word' id='word_1_50' title='bbox 783 854 954 900; x_wconf 73' lang='lat' dir='ltr'>aestivis</span> <span class='ocrx_word' id='word_1_51' title='bbox 973 853 1222 900; x_wconf 80' lang='lat' dir='ltr'>ardoribus</span> <span class='ocrx_word' id='word_1_52' title='bbox 1241 854 1363 899; x_wconf 84' lang='lat' dir='ltr'>circa</span> <span class='ocrx_word' id='word_1_53' title='bbox 1384 854 1693 900; x_wconf 78' lang='lat' dir='ltr'><strong>Pentecosten</strong></span> <span class='ocrx_word' id='word_1_54' title='bbox 1712 854 2022 913; x_wconf 88' lang='lat' dir='ltr'>torrentibus,</span> 
     </span>
     <span class='ocr_line' id='line_1_9' title="bbox 618 930 2029 994; baseline 0 -16"><span class='ocrx_word' id='word_1_55' title='bbox 618 933 790 978; x_wconf 81' lang='lat' dir='ltr'>acriter</span> <span class='ocrx_word' id='word_1_56' title='bbox 810 931 1123 994; x_wconf 68' lang='lat' dir='ltr'>impugnavit,</span> <span class='ocrx_word' id='word_1_57' title='bbox 1150 931 1309 994; x_wconf 75' lang='lat' dir='ltr'>iguem</span> <span class='ocrx_word' id='word_1_58' title='bbox 1332 931 1510 994; x_wconf 80' lang='lat' dir='ltr'>injecit,</span> <span class='ocrx_word' id='word_1_59' title='bbox 1531 942 1578 976; x_wconf 89' lang='lat' dir='ltr'>et</span> <span class='ocrx_word' id='word_1_60' title='bbox 1597 930 1815 977; x_wconf 82' lang='lat' dir='ltr'>edacibus</span> <span class='ocrx_word' id='word_1_61' title='bbox 1833 931 2029 979; x_wconf 81' lang='lat' dir='ltr'>flammis</span> 
     </span>
     <span class='ocr_line' id='line_1_10' title="bbox 617 1008 2027 1073; baseline 0.001 -17"><span class='ocrx_word' id='word_1_62' title='bbox 617 1011 856 1056; x_wconf 79' lang='lat' dir='ltr'>basilicam</span> <span class='ocrx_word' id='word_1_63' title='bbox 896 1020 943 1055; x_wconf 82' lang='lat' dir='ltr'>et</span> <span class='ocrx_word' id='word_1_64' title='bbox 972 1008 1093 1055; x_wconf 80' lang='lat' dir='ltr'>aedes</span> <span class='ocrx_word' id='word_1_65' title='bbox 1123 1008 1472 1055; x_wconf 85' lang='lat' dir='ltr'>monachorum</span> <span class='ocrx_word' id='word_1_66' title='bbox 1503 1027 1612 1055; x_wconf 88' lang='lat' dir='ltr'>cum</span> <span class='ocrx_word' id='word_1_67' title='bbox 1645 1010 1921 1073; x_wconf 86' lang='lat' dir='ltr'>supellectili</span> <span class='ocrx_word' id='word_1_68' title='bbox 1952 1028 2027 1057; x_wconf 87' lang='lat' dir='ltr'>sua</span> 
     </span>
     <span class='ocr_line' id='line_1_11' title="bbox 617 1084 2026 1150; baseline 0.001 -18"><span class='ocrx_word' id='word_1_69' title='bbox 617 1087 924 1150; x_wconf 85' lang='lat' dir='ltr'>consumpsit.</span> <span class='ocrx_word' id='word_1_70' title='bbox 960 1087 1094 1131; x_wconf 83' lang='lat' dir='ltr'>Tunc</span> <span class='ocrx_word' id='word_1_71' title='bbox 1125 1084 1407 1130; x_wconf 87' lang='lat' dir='ltr'>Guillelmus</span> <span class='ocrx_word' id='word_1_72' title='bbox 1437 1085 1537 1131; x_wconf 82' lang='lat' dir='ltr'>Alis</span> <span class='ocrx_word' id='word_1_73' title='bbox 1568 1087 1663 1148; x_wconf 72' lang='lat'>(2),</span> <span class='ocrx_word' id='word_1_74' title='bbox 1694 1097 1740 1132; x_wconf 84' lang='lat' dir='ltr'>et</span> <span class='ocrx_word' id='word_1_75' title='bbox 1763 1086 2026 1146; x_wconf 87' lang='lat' dir='ltr'>Ernaldus,</span> 
     </span>
     <span class='ocr_line' id='line_1_12' title="bbox 619 1163 2030 1228; baseline 0.002 -20"><span class='ocrx_word' id='word_1_76' title='bbox 619 1165 859 1227; x_wconf 83' lang='lat' dir='ltr'>Popelinae</span> <span class='ocrx_word' id='word_1_77' title='bbox 894 1163 1015 1209; x_wconf 85' lang='lat' dir='ltr'>filius</span> <span class='ocrx_word' id='word_1_78' title='bbox 1053 1164 1150 1225; x_wconf 77' lang='lat'>(5),</span> <span class='ocrx_word' id='word_1_79' title='bbox 1190 1163 1366 1227; x_wconf 83' lang='lat' dir='ltr'>aliique</span> <span class='ocrx_word' id='word_1_80' title='bbox 1400 1174 1508 1210; x_wconf 85' lang='lat' dir='ltr'>octo</span> <span class='ocrx_word' id='word_1_81' title='bbox 1540 1164 1714 1209; x_wconf 87' lang='lat' dir='ltr'>milites</span> <span class='ocrx_word' id='word_1_82' title='bbox 1746 1165 1867 1228; x_wconf 86' lang='lat' dir='ltr'>capti</span> <span class='ocrx_word' id='word_1_83' title='bbox 1899 1175 2030 1222; x_wconf 88' lang='lat' dir='ltr'>sunt,</span> 
     </span>
     <span class='ocr_line' id='line_1_13' title="bbox 618 1238 2034 1305; baseline 0 -19"><span class='ocrx_word' id='word_1_84' title='bbox 618 1241 699 1305; x_wconf 87' lang='lat' dir='ltr'>qui</span> <span class='ocrx_word' id='word_1_85' title='bbox 725 1240 806 1287; x_wconf 80' lang='lat' dir='ltr'>diu</span> <span class='ocrx_word' id='word_1_86' title='bbox 831 1240 986 1287; x_wconf 88' lang='lat' dir='ltr'>Goelli</span> <span class='ocrx_word' id='word_1_87' title='bbox 1016 1238 1347 1286; x_wconf 79' lang='lat' dir='ltr'>crudelitatem</span> <span class='ocrx_word' id='word_1_88' title='bbox 1377 1242 1424 1285; x_wconf 85' lang='lat' dir='ltr'>in</span> <span class='ocrx_word' id='word_1_89' title='bbox 1452 1243 1548 1302; x_wconf 87' lang='lat' dir='ltr'>ejus</span> <span class='ocrx_word' id='word_1_90' title='bbox 1573 1257 1760 1287; x_wconf 82' lang='lat' dir='ltr'>carcere</span> <span class='ocrx_word' id='word_1_91' title='bbox 1789 1241 1929 1286; x_wconf 87' lang='lat' dir='ltr'>nimis</span> <span class='ocrx_word' id='word_1_92' title='bbox 1952 1257 2034 1287; x_wconf 85' lang='lat' dir='ltr'>ex-</span> 
     </span>
     <span class='ocr_line' id='line_1_14' title="bbox 619 1317 2035 1382; baseline 0 -18"><span class='ocrx_word' id='word_1_93' title='bbox 619 1319 740 1382; x_wconf 85' lang='lat' dir='ltr'>perti</span> <span class='ocrx_word' id='word_1_94' title='bbox 764 1330 891 1364; x_wconf 84' lang='lat' dir='ltr'>sunt.</span> <span class='ocrx_word' id='word_1_95' title='bbox 920 1318 1202 1364; x_wconf 83' lang='lat' dir='ltr'>Guillelmus</span> <span class='ocrx_word' id='word_1_96' title='bbox 1225 1329 1383 1363; x_wconf 84' lang='lat' dir='ltr'>autem</span> <span class='ocrx_word' id='word_1_97' title='bbox 1406 1318 1701 1364; x_wconf 87' lang='lat' dir='ltr'>Britoliensis</span> <span class='ocrx_word' id='word_1_98' title='bbox 1719 1317 1942 1382; x_wconf 76' lang='lat' dir='ltr'>fugiendo</span> <span class='ocrx_word' id='word_1_99' title='bbox 1959 1320 2035 1365; x_wconf 85' lang='lat' dir='ltr'>vix</span> 
     </span>
     <span class='ocr_line' id='line_1_15' title="bbox 618 1395 2035 1460; baseline -0.001 -16"><span class='ocrx_word' id='word_1_100' title='bbox 618 1399 784 1453; x_wconf 85' lang='lat' dir='ltr'>evasit,</span> <span class='ocrx_word' id='word_1_101' title='bbox 811 1398 1137 1460; x_wconf 80' lang='lat' dir='ltr'>ultionemque</span> <span class='ocrx_word' id='word_1_102' title='bbox 1157 1395 1213 1442; x_wconf 88' lang='lat' dir='ltr'>de</span> <span class='ocrx_word' id='word_1_103' title='bbox 1233 1396 1375 1441; x_wconf 84' lang='lat' dir='ltr'>tantis</span> <span class='ocrx_word' id='word_1_104' title='bbox 1396 1396 1580 1460; x_wconf 83' lang='lat' dir='ltr'>injuriis</span> <span class='ocrx_word' id='word_1_105' title='bbox 1598 1413 1784 1442; x_wconf 86' lang='lat' dir='ltr'>summo</span> <span class='ocrx_word' id='word_1_106' title='bbox 1805 1397 1908 1442; x_wconf 83' lang='lat' dir='ltr'>nisu</span> <span class='ocrx_word' id='word_1_107' title='bbox 1928 1413 2035 1443; x_wconf 88' lang='lat' dir='ltr'>con-</span> 
     </span>
     <span class='ocr_line' id='line_1_16' title="bbox 619 1472 2031 1538; baseline -0.001 -18"><span class='ocrx_word' id='word_1_108' title='bbox 619 1475 815 1538; x_wconf 78' lang='lat' dir='ltr'>cupivit.</span> <span class='ocrx_word' id='word_1_109' title='bbox 831 1474 969 1520; x_wconf 82' lang='lat' dir='ltr'>Dives</span> <span class='ocrx_word' id='word_1_110' title='bbox 990 1473 1148 1529; x_wconf 75' lang='lat' dir='ltr'>herus,</span> <span class='ocrx_word' id='word_1_111' title='bbox 1171 1473 1454 1519; x_wconf 81' lang='lat' dir='ltr'>intrinsecus</span> <span class='ocrx_word' id='word_1_112' title='bbox 1470 1473 1622 1519; x_wconf 82' lang='lat' dir='ltr'>nimio</span> <span class='ocrx_word' id='word_1_113' title='bbox 1634 1472 1801 1520; x_wconf 81' lang='lat' dir='ltr'>dolore</span> <span class='ocrx_word' id='word_1_114' title='bbox 1815 1483 2031 1537; x_wconf 85' lang='lat' dir='ltr'>punctus,</span> 
     </span>
     <span class='ocr_line' id='line_1_17' title="bbox 619 1550 2033 1615; baseline -0.001 -19"><span class='ocrx_word' id='word_1_115' title='bbox 619 1551 905 1598; x_wconf 75' lang='lat' dir='ltr'>irascebatur</span> <span class='ocrx_word' id='word_1_116' title='bbox 929 1550 1057 1615; x_wconf 83' lang='lat' dir='ltr'>quod</span> <span class='ocrx_word' id='word_1_117' title='bbox 1083 1550 1227 1596; x_wconf 87' lang='lat' dir='ltr'>homo</span> <span class='ocrx_word' id='word_1_118' title='bbox 1259 1568 1366 1595; x_wconf 88' lang='lat' dir='ltr'>suus</span> <span class='ocrx_word' id='word_1_119' title='bbox 1391 1561 1555 1596; x_wconf 83' lang='lat' dir='ltr'>contra</span> <span class='ocrx_word' id='word_1_120' title='bbox 1594 1566 1640 1596; x_wconf 85' lang='lat' dir='ltr'>se</span> <span class='ocrx_word' id='word_1_121' title='bbox 1666 1560 1795 1596; x_wconf 86' lang='lat' dir='ltr'>tanta</span> <span class='ocrx_word' id='word_1_122' title='bbox 1823 1550 1868 1595; x_wconf 86' lang='lat' dir='ltr'>vi</span> <span class='ocrx_word' id='word_1_123' title='bbox 1901 1567 2033 1614; x_wconf 79' lang='lat' dir='ltr'>gras-</span> 
     </span>
     <span class='ocr_line' id='line_1_18' title="bbox 618 1626 2034 1691; baseline -0.001 -16"><span class='ocrx_word' id='word_1_124' title='bbox 618 1629 825 1685; x_wconf 78' lang='lat' dir='ltr'>sabatur,</span> <span class='ocrx_word' id='word_1_125' title='bbox 861 1639 908 1674; x_wconf 87' lang='lat' dir='ltr'>et</span> <span class='ocrx_word' id='word_1_126' title='bbox 935 1629 1058 1674; x_wconf 79' lang='lat' dir='ltr'>vires</span> <span class='ocrx_word' id='word_1_127' title='bbox 1086 1629 1181 1691; x_wconf 83' lang='lat' dir='ltr'>ejus</span> <span class='ocrx_word' id='word_1_128' title='bbox 1207 1644 1292 1691; x_wconf 88' lang='lat' dir='ltr'>per</span> <span class='ocrx_word' id='word_1_129' title='bbox 1320 1639 1413 1673; x_wconf 86' lang='lat' dir='ltr'>tres</span> <span class='ocrx_word' id='word_1_130' title='bbox 1441 1645 1591 1674; x_wconf 87' lang='lat' dir='ltr'>annos</span> <span class='ocrx_word' id='word_1_131' title='bbox 1624 1626 2034 1691; x_wconf 84' lang='lat' dir='ltr'>redemptionibus</span> 
     </span>
     <span class='ocr_line' id='line_1_19' title="bbox 620 1704 2032 1770; baseline -0.002 -18"><span class='ocrx_word' id='word_1_132' title='bbox 620 1717 896 1770; x_wconf 83' lang='lat' dir='ltr'>captorum,</span> <span class='ocrx_word' id='word_1_133' title='bbox 939 1705 1193 1769; x_wconf 82' lang='lat' dir='ltr'>spoliisque</span> <span class='ocrx_word' id='word_1_134' title='bbox 1228 1705 1503 1768; x_wconf 79' lang='lat' dir='ltr'>pagensium</span> <span class='ocrx_word' id='word_1_135' title='bbox 1540 1705 1680 1750; x_wconf 88' lang='lat' dir='ltr'>nimis</span> <span class='ocrx_word' id='word_1_136' title='bbox 1717 1704 2032 1769; x_wconf 81' lang='lat' dir='ltr'>augebantur.</span> 
     </span>
    </p>
   </div>
   <div class='ocr_carea' id='block_1_3' title="bbox 618 1913 2036 2856">
    <p class='ocr_par' dir='ltr' id='par_1_3' title="bbox 619 1913 2036 2020">
     <span class='ocr_line' id='line_1_20' title="bbox 664 1913 2036 1961; baseline -0.001 -12"><span class='ocrx_word' id='word_1_137' title='bbox 664 1918 713 1961; x_wconf 67' lang='grc' dir='ltr'>(ι)</span> <span class='ocrx_word' id='word_1_138' title='bbox 736 1915 912 1961; x_wconf 65' lang='lat' dir='ltr'>L’abbaye</span> <span class='ocrx_word' id='word_1_139' title='bbox 927 1914 1055 1956; x_wconf 81' lang='lat' dir='ltr'>d&#39;Ivri‚</span> <span class='ocrx_word' id='word_1_140' title='bbox 1082 1913 1214 1948; x_wconf 85' lang='lat' dir='ltr'>fonde&#39;e</span> <span class='ocrx_word' id='word_1_141' title='bbox 1231 1925 1276 1947; x_wconf 85' lang='lat' dir='ltr'>en</span> <span class='ocrx_word' id='word_1_142' title='bbox 1299 1925 1398 1961; x_wconf 82' lang='lat'>1071,</span> <span class='ocrx_word' id='word_1_143' title='bbox 1422 1925 1486 1959; x_wconf 89' lang='lat' dir='ltr'>par</span> <span class='ocrx_word' id='word_1_144' title='bbox 1502 1913 1626 1961; x_wconf 81' lang='lat' dir='ltr'>Roger</span> <span class='ocrx_word' id='word_1_145' title='bbox 1642 1913 1770 1957; x_wconf 71' lang='lat' dir='ltr'>d’Ivri,</span> <span class='ocrx_word' id='word_1_146' title='bbox 1791 1914 1974 1949; x_wconf 79' lang='lat' dir='ltr'>echanson</span> <span class='ocrx_word' id='word_1_147' title='bbox 1991 1914 2036 1949; x_wconf 89' lang='lat' dir='ltr'>de</span> 
     </span>
     <span class='ocr_line' id='line_1_21' title="bbox 619 1972 1948 2020; baseline -0.001 -11"><span class='ocrx_word' id='word_1_148' title='bbox 619 1974 1142 2020; x_wconf 69' lang='lat' dir='ltr'>Guillaunie-le·Conquerant</span> <span class='ocrx_word' id='word_1_149' title='bbox 1162 1980 1198 2006; x_wconf 88' lang='lat' dir='ltr'>et</span> <span class='ocrx_word' id='word_1_150' title='bbox 1219 1972 1357 2018; x_wconf 80' lang='lat' dir='ltr'>geudre</span> <span class='ocrx_word' id='word_1_151' title='bbox 1379 1972 1424 2006; x_wconf 89' lang='lat' dir='ltr'>de</span> <span class='ocrx_word' id='word_1_152' title='bbox 1443 1974 1580 2020; x_wconf 78' lang='lat' dir='ltr'>Hugue</span> <span class='ocrx_word' id='word_1_153' title='bbox 1599 1973 1644 2008; x_wconf 92' lang='lat' dir='ltr'>de</span> <span class='ocrx_word' id='word_1_154' title='bbox 1662 1973 1948 2009; x_wconf 84' lang='lat' dir='ltr'>Grentemesnil.</span> 
     </span>
    </p>

    <p class='ocr_par' dir='ltr' id='par_1_4' title="bbox 618 2031 2034 2500">
     <span class='ocr_line' id='line_1_22' title="bbox 666 2031 2034 2079; baseline 0 -11"><span class='ocrx_word' id='word_1_155' title='bbox 666 2036 715 2079; x_wconf 70' lang='lat'>(2)</span> <span class='ocrx_word' id='word_1_156' title='bbox 736 2033 949 2069; x_wconf 83' lang='lat' dir='ltr'>Guillaume</span> <span class='ocrx_word' id='word_1_157' title='bbox 968 2032 1064 2074; x_wconf 86' lang='lat' dir='ltr'>Alis,</span> <span class='ocrx_word' id='word_1_158' title='bbox 1088 2031 1199 2066; x_wconf 82' lang='lat' dir='ltr'>vassal</span> <span class='ocrx_word' id='word_1_159' title='bbox 1219 2031 1282 2066; x_wconf 87' lang='lat' dir='ltr'>des</span> <span class='ocrx_word' id='word_1_160' title='bbox 1304 2032 1493 2079; x_wconf 82' lang='lat' dir='ltr'>seigueurs</span> <span class='ocrx_word' id='word_1_161' title='bbox 1514 2032 1558 2067; x_wconf 89' lang='lat' dir='ltr'>de</span> <span class='ocrx_word' id='word_1_162' title='bbox 1580 2033 1752 2068; x_wconf 83' lang='lat' dir='ltr'>Breteuil.</span> <span class='ocrx_word' id='word_1_163' title='bbox 1777 2035 1882 2069; x_wconf 88' lang='lat' dir='ltr'>Cette</span> <span class='ocrx_word' id='word_1_164' title='bbox 1901 2033 2034 2068; x_wconf 87' lang='lat' dir='ltr'>famille</span> 
     </span>
     <span class='ocr_line' id='line_1_23' title="bbox 618 2091 2032 2135; baseline -0.001 -6"><span class='ocrx_word' id='word_1_165' title='bbox 618 2097 712 2129; x_wconf 77' lang='lat' dir='ltr'>avait</span> <span class='ocrx_word' id='word_1_166' title='bbox 731 2094 854 2128; x_wconf 66' lang='lat' dir='ltr'>donne</span> <span class='ocrx_word' id='word_1_167' title='bbox 873 2105 940 2127; x_wconf 84' lang='lat' dir='ltr'>son</span> <span class='ocrx_word' id='word_1_168' title='bbox 960 2104 1046 2127; x_wconf 90' lang='lat' dir='ltr'>nom</span> <span class='ocrx_word' id='word_1_169' title='bbox 1064 2104 1109 2126; x_wconf 83' lang='lat' dir='ltr'>au</span> <span class='ocrx_word' id='word_1_170' title='bbox 1131 2091 1271 2126; x_wconf 80' lang='lat' dir='ltr'>inouliu</span> <span class='ocrx_word' id='word_1_171' title='bbox 1290 2092 1385 2135; x_wconf 83' lang='lat' dir='ltr'>Alis,</span> <span class='ocrx_word' id='word_1_172' title='bbox 1410 2093 1504 2127; x_wconf 83' lang='lat' dir='ltr'>situe&#39;</span> <span class='ocrx_word' id='word_1_173' title='bbox 1520 2092 1609 2127; x_wconf 88' lang='lat' dir='ltr'>dans</span> <span class='ocrx_word' id='word_1_174' title='bbox 1628 2092 1661 2127; x_wconf 91' lang='lat' dir='ltr'>le</span> <span class='ocrx_word' id='word_1_175' title='bbox 1676 2093 1862 2128; x_wconf 83' lang='lat' dir='ltr'>territoire</span> <span class='ocrx_word' id='word_1_176' title='bbox 1882 2093 1928 2128; x_wconf 94' lang='lat' dir='ltr'>de</span> <span class='ocrx_word' id='word_1_177' title='bbox 1946 2093 2032 2128; x_wconf 87' lang='lat' dir='ltr'>Bre-</span> 
     </span>
     <span class='ocr_line' id='line_1_24' title="bbox 618 2151 2031 2199; baseline -0.001 -10"><span class='ocrx_word' id='word_1_178' title='bbox 618 2155 719 2189; x_wconf 82' lang='lat' dir='ltr'>tcuil.</span> <span class='ocrx_word' id='word_1_179' title='bbox 739 2155 840 2188; x_wconf 58' lang='lat' dir='ltr'>Nous</span> <span class='ocrx_word' id='word_1_180' title='bbox 858 2153 996 2188; x_wconf 80' lang='lat' dir='ltr'>serious</span> <span class='ocrx_word' id='word_1_181' title='bbox 1011 2154 1110 2186; x_wconf 83' lang='lat' dir='ltr'>teute</span> <span class='ocrx_word' id='word_1_182' title='bbox 1124 2151 1168 2186; x_wconf 82' lang='lat' dir='ltr'>de</span> <span class='ocrx_word' id='word_1_183' title='bbox 1184 2152 1217 2186; x_wconf 82' lang='lat' dir='ltr'>la</span> <span class='ocrx_word' id='word_1_184' title='bbox 1233 2152 1350 2186; x_wconf 82' lang='lat' dir='ltr'>croire</span> <span class='ocrx_word' id='word_1_185' title='bbox 1368 2151 1558 2199; x_wconf 86' lang='lat' dir='ltr'>identique</span> <span class='ocrx_word' id='word_1_186' title='bbox 1572 2164 1654 2187; x_wconf 88' lang='lat' dir='ltr'>avec</span> <span class='ocrx_word' id='word_1_187' title='bbox 1668 2153 1755 2187; x_wconf 87' lang='lat' dir='ltr'>celle</span> <span class='ocrx_word' id='word_1_188' title='bbox 1772 2153 1835 2187; x_wconf 88' lang='lat' dir='ltr'>des</span> <span class='ocrx_word' id='word_1_189' title='bbox 1848 2154 2031 2199; x_wconf 83' lang='lat' dir='ltr'>seigneurs</span> 
     </span>
     <span class='ocr_line' id='line_1_25' title="bbox 619 2211 2028 2260; baseline -0.001 -12"><span class='ocrx_word' id='word_1_190' title='bbox 619 2215 663 2248; x_wconf 83' lang='lat' dir='ltr'>de</span> <span class='ocrx_word' id='word_1_191' title='bbox 680 2212 947 2260; x_wconf 74' lang='lat' dir='ltr'>Sacquenville,</span> <span class='ocrx_word' id='word_1_192' title='bbox 971 2225 1029 2246; x_wconf 84' lang='lat' dir='ltr'>car</span> <span class='ocrx_word' id='word_1_193' title='bbox 1047 2212 1187 2246; x_wconf 79' lang='lat' dir='ltr'>ceux-ci</span> <span class='ocrx_word' id='word_1_194' title='bbox 1209 2211 1438 2258; x_wconf 80' lang='lat' dir='ltr'>possedaient</span> <span class='ocrx_word' id='word_1_195' title='bbox 1461 2214 1480 2246; x_wconf 68' lang='lat' dir='ltr'>a</span> <span class='ocrx_word' id='word_1_196' title='bbox 1505 2212 1756 2257; x_wconf 84' lang='lat' dir='ltr'>Carentoune,</span> <span class='ocrx_word' id='word_1_197' title='bbox 1778 2214 1860 2259; x_wconf 79' lang='lat' dir='ltr'>pres</span> <span class='ocrx_word' id='word_1_198' title='bbox 1884 2213 2028 2256; x_wconf 86' lang='lat' dir='ltr'>Bernai,</span> 
     </span>
     <span class='ocr_line' id='line_1_26' title="bbox 620 2271 2030 2322; baseline -0.001 -14"><span class='ocrx_word' id='word_1_199' title='bbox 620 2287 668 2308; x_wconf 83' lang='lat' dir='ltr'>un</span> <span class='ocrx_word' id='word_1_200' title='bbox 682 2281 786 2307; x_wconf 76' lang='lat' dir='ltr'>aun-e</span> <span class='ocrx_word' id='word_1_201' title='bbox 799 2272 939 2307; x_wconf 86' lang='lat' dir='ltr'>moulin</span> <span class='ocrx_word' id='word_1_202' title='bbox 951 2271 1057 2319; x_wconf 71' lang='lat' dir='ltr'>qu&#39;ils</span> <span class='ocrx_word' id='word_1_203' title='bbox 1070 2272 1253 2319; x_wconf 83' lang='lat' dir='ltr'>appellent</span> <span class='ocrx_word' id='word_1_204' title='bbox 1265 2273 1372 2313; x_wconf 81' lang='lat' dir='ltr'>aussi,</span> <span class='ocrx_word' id='word_1_205' title='bbox 1389 2272 1478 2306; x_wconf 81' lang='lat' dir='ltr'>dans</span> <span class='ocrx_word' id='word_1_206' title='bbox 1493 2285 1564 2307; x_wconf 84' lang='lat' dir='ltr'>une</span> <span class='ocrx_word' id='word_1_207' title='bbox 1577 2274 1702 2308; x_wconf 80' lang='lat' dir='ltr'>charte</span> <span class='ocrx_word' id='word_1_208' title='bbox 1717 2273 1762 2308; x_wconf 88' lang='lat' dir='ltr'>de</span> <span class='ocrx_word' id='word_1_209' title='bbox 1775 2273 1881 2322; x_wconf 80' lang='lat'>1267:</span> <span class='ocrx_word' id='word_1_210' title='bbox 1898 2274 2030 2308; x_wconf 86' lang='lat' dir='ltr'>molen-</span> 
     </span>
     <span class='ocr_line' id='line_1_27' title="bbox 619 2331 2029 2380; baseline 0 -13"><span class='ocrx_word' id='word_1_211' title='bbox 619 2335 745 2368; x_wconf 75' lang='lat' dir='ltr'>dinum</span> <span class='ocrx_word' id='word_1_212' title='bbox 759 2334 869 2379; x_wconf 61' lang='lat' dir='ltr'>Alyx.</span> <span class='ocrx_word' id='word_1_213' title='bbox 886 2333 986 2366; x_wconf 72' lang='lat' dir='ltr'>Nous</span> <span class='ocrx_word' id='word_1_214' title='bbox 1001 2344 1158 2378; x_wconf 83' lang='lat' dir='ltr'>pensons</span> <span class='ocrx_word' id='word_1_215' title='bbox 1174 2344 1246 2379; x_wconf 86' lang='lat' dir='ltr'>que</span> <span class='ocrx_word' id='word_1_216' title='bbox 1263 2331 1476 2366; x_wconf 87' lang='lat' dir='ltr'>Guillaume</span> <span class='ocrx_word' id='word_1_217' title='bbox 1489 2331 1566 2367; x_wconf 79' lang='lat' dir='ltr'>Alis</span> <span class='ocrx_word' id='word_1_218' title='bbox 1582 2340 1635 2367; x_wconf 82' lang='lat' dir='ltr'>est</span> <span class='ocrx_word' id='word_1_219' title='bbox 1652 2333 1684 2368; x_wconf 84' lang='lat' dir='ltr'>le</span> <span class='ocrx_word' id='word_1_220' title='bbox 1699 2333 1818 2368; x_wconf 76' lang='lat' dir='ltr'>meme</span> <span class='ocrx_word' id='word_1_221' title='bbox 1834 2333 1897 2380; x_wconf 90' lang='lat' dir='ltr'>qui</span> <span class='ocrx_word' id='word_1_222' title='bbox 1916 2333 2029 2379; x_wconf 81' lang='lat' dir='ltr'>figure</span> 
     </span>
     <span class='ocr_line' id='line_1_28' title="bbox 619 2392 2030 2440; baseline -0.001 -13"><span class='ocrx_word' id='word_1_223' title='bbox 619 2394 707 2428; x_wconf 85' lang='lat' dir='ltr'>dans</span> <span class='ocrx_word' id='word_1_224' title='bbox 729 2393 760 2427; x_wconf 82' lang='lat' dir='ltr'>le</span> <span class='ocrx_word' id='word_1_225' title='bbox 783 2392 999 2439; x_wconf 71' lang='lat' dir='ltr'>Dmnesday</span> <span class='ocrx_word' id='word_1_226' title='bbox 1017 2392 1121 2427; x_wconf 72' lang='lat' dir='ltr'>Book</span> <span class='ocrx_word' id='word_1_227' title='bbox 1139 2404 1280 2426; x_wconf 88' lang='lat' dir='ltr'>comme</span> <span class='ocrx_word' id='word_1_228' title='bbox 1301 2398 1429 2426; x_wconf 79' lang='lat' dir='ltr'>tenens</span> <span class='ocrx_word' id='word_1_229' title='bbox 1447 2395 1483 2427; x_wconf 77' lang='lat' dir='ltr'>in</span> <span class='ocrx_word' id='word_1_230' title='bbox 1503 2395 1632 2439; x_wconf 80' lang='lat' dir='ltr'>capite.</span> <span class='ocrx_word' id='word_1_231' title='bbox 1656 2393 1727 2428; x_wconf 86' lang='lat' dir='ltr'>Sur</span> <span class='ocrx_word' id='word_1_232' title='bbox 1745 2405 1785 2428; x_wconf 91' lang='lat' dir='ltr'>ce</span> <span class='ocrx_word' id='word_1_233' title='bbox 1805 2404 2030 2440; x_wconf 84' lang='lat' dir='ltr'>personnage</span> 
     </span>
     <span class='ocr_line' id='line_1_29' title="bbox 618 2452 1574 2500; baseline -0.002 -12"><span class='ocrx_word' id='word_1_234' title='bbox 618 2461 654 2488; x_wconf 91' lang='lat' dir='ltr'>et</span> <span class='ocrx_word' id='word_1_235' title='bbox 673 2460 767 2487; x_wconf 86' lang='lat' dir='ltr'>cette</span> <span class='ocrx_word' id='word_1_236' title='bbox 788 2452 942 2494; x_wconf 80' lang='lat' dir='ltr'>famisse,</span> <span class='ocrx_word' id='word_1_237' title='bbox 965 2464 1072 2498; x_wconf 71' lang='lat' dir='ltr'>voyez</span> <span class='ocrx_word' id='word_1_238' title='bbox 1093 2452 1288 2495; x_wconf 82' lang='lat' dir='ltr'>ci-dessus,</span> <span class='ocrx_word' id='word_1_239' title='bbox 1311 2459 1335 2486; x_wconf 80' lang='lat' dir='ltr'>t.</span> <span class='ocrx_word' id='word_1_240' title='bbox 1356 2452 1412 2495; x_wconf 82' lang='grc' dir='ltr'>ΙΙ,</span> <span class='ocrx_word' id='word_1_241' title='bbox 1435 2465 1471 2498; x_wconf 88' lang='lat' dir='ltr'>p.</span> <span class='ocrx_word' id='word_1_242' title='bbox 1494 2455 1574 2500; x_wconf 70' lang='lat'>407.</span> 
     </span>
    </p>

    <p class='ocr_par' dir='ltr' id='par_1_5' title="bbox 619 2511 2032 2856">
     <span class='ocr_line' id='line_1_30' title="bbox 664 2511 2030 2559; baseline -0.001 -12"><span class='ocrx_word' id='word_1_243' title='bbox 664 2513 713 2559; x_wconf 79' lang='lat'>(5)</span> <span class='ocrx_word' id='word_1_244' title='bbox 741 2516 855 2547; x_wconf 75' lang='lat' dir='ltr'>Autre</span> <span class='ocrx_word' id='word_1_245' title='bbox 874 2513 986 2547; x_wconf 77' lang='lat' dir='ltr'>vassal</span> <span class='ocrx_word' id='word_1_246' title='bbox 1007 2513 1069 2547; x_wconf 83' lang='lat' dir='ltr'>des</span> <span class='ocrx_word' id='word_1_247' title='bbox 1090 2513 1278 2558; x_wconf 82' lang='lat' dir='ltr'>seigneurs</span> <span class='ocrx_word' id='word_1_248' title='bbox 1300 2511 1345 2546; x_wconf 92' lang='lat' dir='ltr'>de</span> <span class='ocrx_word' id='word_1_249' title='bbox 1370 2511 1542 2546; x_wconf 83' lang='lat' dir='ltr'>Breteuil.</span> <span class='ocrx_word' id='word_1_250' title='bbox 1565 2511 1627 2547; x_wconf 90' lang='lat' dir='ltr'>On</span> <span class='ocrx_word' id='word_1_251' title='bbox 1646 2512 1722 2546; x_wconf 83' lang='lat' dir='ltr'>voit</span> <span class='ocrx_word' id='word_1_252' title='bbox 1742 2512 1878 2558; x_wconf 71' lang='lat' dir='ltr'>figur-er</span> <span class='ocrx_word' id='word_1_253' title='bbox 1899 2513 1918 2545; x_wconf 71' lang='lat' dir='ltr'>a</span> <span class='ocrx_word' id='word_1_254' title='bbox 1939 2511 2030 2546; x_wconf 81' lang='lat' dir='ltr'>deux</span> 
     </span>
     <span class='ocr_line' id='line_1_31' title="bbox 622 2570 2030 2620; baseline -0.002 -12"><span class='ocrx_word' id='word_1_255' title='bbox 622 2574 794 2620; x_wconf 51' lang='grc' dir='ltr'>τεῳ-1565,</span> <span class='ocrx_word' id='word_1_256' title='bbox 825 2572 914 2606; x_wconf 84' lang='lat' dir='ltr'>dans</span> <span class='ocrx_word' id='word_1_257' title='bbox 937 2571 969 2606; x_wconf 83' lang='lat' dir='ltr'>la</span> <span class='ocrx_word' id='word_1_258' title='bbox 1000 2572 1137 2619; x_wconf 79' lang='lat' dir='ltr'>grande</span> <span class='ocrx_word' id='word_1_259' title='bbox 1164 2572 1290 2606; x_wconf 84' lang='lat' dir='ltr'>charte</span> <span class='ocrx_word' id='word_1_260' title='bbox 1315 2571 1360 2606; x_wconf 86' lang='lat' dir='ltr'>de</span> <span class='ocrx_word' id='word_1_261' title='bbox 1391 2572 1489 2614; x_wconf 83' lang='lat' dir='ltr'>Lire,</span> <span class='ocrx_word' id='word_1_262' title='bbox 1522 2571 1688 2614; x_wconf 78' lang='lat' dir='ltr'>Ernaud,</span> <span class='ocrx_word' id='word_1_263' title='bbox 1713 2571 1767 2605; x_wconf 77' lang='lat' dir='ltr'>fils</span> <span class='ocrx_word' id='word_1_264' title='bbox 1790 2571 1836 2606; x_wconf 87' lang='lat' dir='ltr'>de</span> <span class='ocrx_word' id='word_1_265' title='bbox 1858 2570 2030 2617; x_wconf 87' lang='lat' dir='ltr'>Popeline</span> 
     </span>
     <span class='ocr_line' id='line_1_32' title="bbox 619 2630 2032 2679; baseline -0.002 -12"><span class='ocrx_word' id='word_1_266' title='bbox 619 2632 921 2679; x_wconf 81' lang='lat' dir='ltr'>(probablement</span> <span class='ocrx_word' id='word_1_267' title='bbox 939 2633 1024 2677; x_wconf 74' lang='lat' dir='ltr'>pere</span> <span class='ocrx_word' id='word_1_268' title='bbox 1043 2631 1088 2665; x_wconf 88' lang='lat' dir='ltr'>de</span> <span class='ocrx_word' id='word_1_269' title='bbox 1107 2631 1295 2676; x_wconf 79' lang='lat' dir='ltr'>celui-ci),</span> <span class='ocrx_word' id='word_1_270' title='bbox 1317 2643 1457 2665; x_wconf 82' lang='lat' dir='ltr'>comme</span> <span class='ocrx_word' id='word_1_271' title='bbox 1476 2631 1657 2665; x_wconf 81' lang='lat' dir='ltr'>donateur</span> <span class='ocrx_word' id='word_1_272' title='bbox 1674 2631 1719 2665; x_wconf 91' lang='lat' dir='ltr'>de</span> <span class='ocrx_word' id='word_1_273' title='bbox 1734 2630 1870 2677; x_wconf 80' lang='lat' dir='ltr'>l&#39;eglise</span> <span class='ocrx_word' id='word_1_274' title='bbox 1885 2630 1930 2665; x_wconf 87' lang='lat' dir='ltr'>de</span> <span class='ocrx_word' id='word_1_275' title='bbox 1947 2630 2032 2664; x_wconf 86' lang='lat' dir='ltr'>Cor-</span> 
     </span>
     <span class='ocr_line' id='line_1_33' title="bbox 621 2687 2029 2737; baseline -0.003 -10"><span class='ocrx_word' id='word_1_276' title='bbox 621 2692 740 2736; x_wconf 84' lang='lat' dir='ltr'>neuil,</span> <span class='ocrx_word' id='word_1_277' title='bbox 768 2692 814 2726; x_wconf 86' lang='lat' dir='ltr'>de</span> <span class='ocrx_word' id='word_1_278' title='bbox 838 2692 871 2726; x_wconf 91' lang='lat' dir='ltr'>la</span> <span class='ocrx_word' id='word_1_279' title='bbox 899 2691 998 2725; x_wconf 78' lang='lat' dir='ltr'>dime</span> <span class='ocrx_word' id='word_1_280' title='bbox 1021 2691 1071 2724; x_wconf 90' lang='lat' dir='ltr'>du</span> <span class='ocrx_word' id='word_1_281' title='bbox 1098 2692 1345 2726; x_wconf 76' lang='lat' dir='ltr'>Bois-Panton</span> <span class='ocrx_word' id='word_1_282' title='bbox 1364 2698 1399 2725; x_wconf 80' lang='lat' dir='ltr'>et</span> <span class='ocrx_word' id='word_1_283' title='bbox 1421 2690 1465 2725; x_wconf 86' lang='lat' dir='ltr'>de</span> <span class='ocrx_word' id='word_1_284' title='bbox 1493 2690 1583 2725; x_wconf 87' lang='lat' dir='ltr'>celle</span> <span class='ocrx_word' id='word_1_285' title='bbox 1611 2690 1661 2724; x_wconf 90' lang='lat' dir='ltr'>du</span> <span class='ocrx_word' id='word_1_286' title='bbox 1685 2687 2029 2737; x_wconf 87' lang='lat' dir='ltr'>Champ-Dominel.</span> 
     </span>
     <span class='ocr_line' id='line_1_34' title="bbox 622 2749 2030 2797; baseline -0.003 -11"><span class='ocrx_word' id='word_1_287' title='bbox 622 2753 722 2786; x_wconf 67' lang='lat' dir='ltr'>Nous</span> <span class='ocrx_word' id='word_1_288' title='bbox 740 2763 896 2797; x_wconf 76' lang='lat' dir='ltr'>pensons</span> <span class='ocrx_word' id='word_1_289' title='bbox 916 2763 987 2797; x_wconf 86' lang='lat' dir='ltr'>que</span> <span class='ocrx_word' id='word_1_290' title='bbox 1005 2762 1062 2784; x_wconf 83' lang='lat' dir='ltr'>ces</span> <span class='ocrx_word' id='word_1_291' title='bbox 1075 2750 1226 2785; x_wconf 87' lang='lat' dir='ltr'>Ernaud</span> <span class='ocrx_word' id='word_1_292' title='bbox 1241 2758 1326 2785; x_wconf 82' lang='lat' dir='ltr'>sont</span> <span class='ocrx_word' id='word_1_293' title='bbox 1339 2751 1390 2785; x_wconf 86' lang='lat' dir='ltr'>les</span> <span class='ocrx_word' id='word_1_294' title='bbox 1404 2750 1540 2784; x_wconf 73' lang='lat' dir='ltr'>memes</span> <span class='ocrx_word' id='word_1_295' title='bbox 1554 2751 1617 2797; x_wconf 91' lang='lat' dir='ltr'>qui</span> <span class='ocrx_word' id='word_1_296' title='bbox 1633 2757 1697 2785; x_wconf 89' lang='lat' dir='ltr'>ont</span> <span class='ocrx_word' id='word_1_297' title='bbox 1710 2750 1861 2797; x_wconf 79' lang='lat' dir='ltr'>possede</span> <span class='ocrx_word' id='word_1_298' title='bbox 1878 2750 1912 2784; x_wconf 90' lang='lat' dir='ltr'>le</span> <span class='ocrx_word' id='word_1_299' title='bbox 1931 2749 2030 2783; x_wconf 84' lang='lat' dir='ltr'>Bois-</span> 
     </span>
     <span class='ocr_line' id='line_1_35' title="bbox 621 2809 1769 2856; baseline -0.005 -10"><span class='ocrx_word' id='word_1_300' title='bbox 621 2811 771 2846; x_wconf 68' lang='lat' dir='ltr'>Arnaud</span> <span class='ocrx_word' id='word_1_301' title='bbox 793 2811 956 2855; x_wconf 76' lang='lat' dir='ltr'>(Boscus</span> <span class='ocrx_word' id='word_1_302' title='bbox 976 2810 1192 2856; x_wconf 75' lang='lat' dir='ltr'>Ernaudi),</span> <span class='ocrx_word' id='word_1_303' title='bbox 1217 2817 1252 2844; x_wconf 80' lang='lat' dir='ltr'>et</span> <span class='ocrx_word' id='word_1_304' title='bbox 1275 2810 1325 2844; x_wconf 74' lang='lat' dir='ltr'>lui</span> <span class='ocrx_word' id='word_1_305' title='bbox 1347 2816 1411 2844; x_wconf 88' lang='lat' dir='ltr'>ont</span> <span class='ocrx_word' id='word_1_306' title='bbox 1432 2809 1553 2843; x_wconf 83' lang='lat' dir='ltr'>donne</span> <span class='ocrx_word' id='word_1_307' title='bbox 1571 2809 1650 2843; x_wconf 79' lang='lat' dir='ltr'>leur</span> <span class='ocrx_word' id='word_1_308' title='bbox 1671 2821 1769 2843; x_wconf 86' lang='lat' dir='ltr'>nom.</span> 
     </span>
    </p>
   </div>
  </div>
 </body>
</html>
