2033 3445
130 334 392 380 [xv1110-1xv10
408 344 498 369 mov.
522 334 642 383 1095]
674 331 827 369 LIBER
856 330 1033 368 NONUS.
1453 331 1529 370 469

130 429 281 473 tante,
311 419 385 464 vir
410 420 567 483 magni
598 419 827 475 nominis,
856 417 1139 464 N'Aimarus
1164 418 1264 480 (1),
1291 416 1530 465 Podiensis

128 497 384 560 episcopus,
396 497 617 555 surrexit,
631 513 790 543 coram
803 495 983 542 cunctis
994 494 1051 541 ad
1062 494 1387 558 Apostolicum
1397 496 1531 542 vultu

122 572 327 638 jocundo
349 574 560 632 accessit,
591 585 635 620 et
660 590 783 638 genu
806 573 928 620 ssexo
947 572 1187 619 licentiam
1211 572 1352 618 eundi
1377 583 1424 619 et
1442 573 1531 620 be-

128 648 442 696 nedictionem
460 650 698 713 poposcit,
725 660 772 695 et
790 647 1101 713 gaudentibus
1118 648 1297 694 cunctis
1316 648 1533 711 impetra-

126 728 209 772 vit.
236 728 432 790 Insuper
454 727 577 790 Papa
602 726 903 783 mandatum,
930 737 983 772 ut
1006 727 1047 773 ei
1071 743 1235 772 omnes
1256 724 1529 782 obedirent,

126 805 466 868 promulgavit,
490 804 737 868 ipsumque
752 805 980 851 vicarium
1001 803 1260 866 Apostolici
1278 803 1325 848 in
1346 803 1533 866 expedi-

129 883 252 928 tione
279 881 364 929 Dei
394 882 655 929 constituit.
688 882 806 927 Erat
840 881 966 928 enim
999 898 1196 926 summae
1232 880 1533 945 ingenuitatis

126 968 170 1004 et
186 976 370 1022 magnae
394 959 712 1015 strenuitatis,
741 958 1079 1022 industriaeque
1101 957 1367 1022 singularis.

187 1036 345 1099 Legati
365 1053 553 1101 quoque
578 1035 829 1082 Raimundi
853 1036 1127 1100 Berengarii
1140 1072 1153 1093 ,
1177 1035 1361 1082 comitis
1381 1035 1533 1082 Tolo-

124 1113 218 1158 sani
240 1114 328 1176 (2),
347 1113 566 1177 protinus
584 1114 843 1169 affuerunt,
859 1114 940 1177 qui
958 1113 1110 1176 ipsum
1128 1131 1235 1159 cum
1250 1112 1412 1158 multis
1430 1112 1535 1158 mil-

126 1188 245 1235 libus
267 1188 324 1235 de
353 1207 436 1236 suo
460 1189 631 1236 ducatu
658 1190 838 1236 iturum
866 1190 1005 1253 Papae
1030 1190 1322 1246 retulerunt,
1346 1190 1534 1253 jamque

125 1282 313 1312 crucem
335 1265 422 1311 sibi
449 1276 706 1329 coaptasse,
736 1266 785 1311 in
809 1265 1014 1313 concilio
1045 1266 1195 1311 testati
1229 1276 1354 1311 sunt.
1383 1265 1530 1321 Ecce,

123 1342 220 1389 Deo
243 1343 437 1406 gratias!
465 1343 740 1389 Christianis
766 1343 898 1388 ituris
922 1341 1017 1390 duo
1040 1343 1248 1389 ultronei
1278 1342 1417 1388 duces
1436 1341 1535 1387 ala-

124 1421 266 1466 criter
312 1431 659 1484 processerunt.
705 1422 825 1466 Ecce
866 1419 1179 1467 sacerdotium
1220 1430 1267 1466 et
1304 1435 1531 1483 regnum,

124 1498 350 1544 clericalis
374 1497 494 1544 ordo
523 1509 570 1544 et
592 1498 767 1543 laicalis
782 1533 796 1556 ,
817 1496 873 1543 ad
893 1496 1253 1544 conducendum
1281 1495 1535 1560 phalanges

123 1574 205 1620 Dei
230 1572 538 1621 concordant.
559 1574 820 1637 Episcopus
841 1584 888 1620 et
910 1590 1064 1620 comes
1082 1573 1293 1636 Moysem
1309 1583 1355 1619 et
1373 1572 1533 1619 Aaron

125 1650 259 1698 nobis
275 1651 669 1715 reimaginantur,
692 1649 863 1715 quibus
881 1650 1038 1697 divina
1055 1651 1234 1714 pariter
1250 1649 1531 1697 adminicula

169 1830 222 1871 (1)
240 1828 271 1861 A
291 1827 499 1862 l'imitation
513 1827 564 1861 du
582 1833 678 1861 texte
695 1826 739 1861 de
757 1826 911 1868 Baudri,
932 1826 964 1860 le
984 1826 1185 1860 manuscrit
1201 1825 1246 1860 de
1263 1818 1538 1861 Saint-Evroult

126 1885 263 1932 appelle
288 1893 554 1921 constamment
580 1898 620 1920 ce
644 1885 761 1932 prelat
785 1885 1006 1927 [Vtamur-us,
1033 1885 1121 1931 qu'il
1143 1884 1220 1919 faut
1243 1885 1359 1919 ecrire
1384 1885 1473 1919 dans
1497 1898 1536 1919 cc

127 1956 182 1978 cas
198 1944 444 1988 N’Aimarus,
465 1945 499 1979 18
517 1945 562 1979 Ν
575 1943 693 1978 initial
711 1946 812 1978 etant
828 1956 877 1977 un
895 1943 1089 1978 diminutis
1102 1943 1146 1978 de
1165 1943 1351 1988 dominus,
1371 1943 1536 1990 employc

128 2015 173 2037 au
193 2016 324 2050 moyen
342 2004 408 2050 age
428 2003 517 2038 dans
536 2004 570 2038 le
588 2003 678 2038 midi
700 2003 744 2037 de
765 2003 797 2037 la
816 2003 966 2038 France.
988 2003 1089 2037 Nous
1106 2015 1215 2038 avons
1234 2016 1299 2038 cru
1317 2003 1441 2038 devoir
1460 2016 1535 2038 res-

129 2070 250 2109 pecter
267 2071 362 2098 cette
382 2064 634 2110 orthographe
651 2062 773 2098 locale.
798 2064 845 2097 Le
862 2063 1035 2098 veritable
1054 2075 1140 2097 nom
1158 2063 1203 2098 de
1223 2063 1383 2111 l’eveque
1400 2063 1451 2097 du
1470 2065 1534 2099 Pui

127 2124 212 2158 &tait
235 2124 444 2167 Adhemar,
470 2131 505 2159 et
529 2136 594 2171 par
617 2123 845 2158 contraction
867 2138 873 2153 :
894 2123 1022 2162 Aimar
1041 2122 1087 2157 de
1105 2123 1272 2158 Monteil.
1301 2123 1331 2157 Il
1356 2124 1499 2170 parvint
1518 2126 1536 2158 a

128 2183 336 2230 l‘episcopat
352 2196 397 2217 au
414 2183 495 2230 plus
515 2183 595 2218 tard
618 2195 696 2217 vers
719 2183 818 2218 1080.
840 2182 902 2218 On
923 2183 956 2217 le
977 2183 1130 2229 regarde
1150 2195 1292 2218 comme
1311 2183 1465 2218 l'auteur
1487 2184 1536 2218 du

134 2242 238 2277 Salve
256 2244 411 2289 Regina.

173 2304 222 2348 (2)
248 2303 449 2345 Pwimond,
480 2303 684 2350 quatrieme
707 2302 758 2336 du
783 2313 889 2345 nom,
917 2301 973 2336 dit
996 2301 1041 2336 de
1064 2301 1324 2345 Saint-Gilles‚
1348 2301 1538 2337 deuxiemc

134 2361 185 2395 fils
209 2361 253 2395 de
276 2363 390 2405 Pons,
418 2367 537 2396 comte
561 2361 607 2395 de
631 2360 835 2403 Toulouse,
863 2360 920 2394 sut
944 2359 1096 2394 d’abord
1119 2361 1291 2407 seigneur
1312 2360 1357 2395 de
1382 2368 1485 2396 toute
1507 2362 1538 2396 la

134 2420 277 2465 portion
306 2420 352 2455 de
380 2420 539 2455 l'eveche
565 2419 610 2454 de
637 2419 762 2453 Nimes
789 2418 853 2466 qui
877 2418 1035 2453 avoisine
1063 2418 1315 2454 Saint-Gilles.
1344 2419 1416 2453 Son
1444 2420 1539 2454 frere

133 2479 340 2515 Guillaume
366 2481 433 2523 IV,
459 2480 522 2528 qui
550 2480 643 2514 avait
664 2480 799 2525 epouse
825 2479 972 2521 limma,
1001 2478 1073 2513 fille
1099 2478 1143 2513 de
1168 2478 1329 2520 Rohert,
1354 2486 1473 2514 comtc
1496 2479 1540 2514 (18

136 2539 311 2582 Mortain,
335 2539 387 2574 lui
412 2539 499 2574 ceda
519 2539 552 2573 le
572 2540 691 2573 comte
712 2537 756 2572 de
776 2537 974 2583 Rouergue
997 2549 1041 2570 en
1065 2536 1170 2579 1066,
1195 2538 1276 2583 puis
1294 2538 1328 2572 le
1352 2540 1471 2572 comte
1496 2538 1541 2571 do

136 2597 318 2633 Toulouse
349 2611 394 2633 en
427 2589 531 2640 1088,
561 2605 597 2633 et
627 2597 740 2643 partit
769 2608 814 2630 en
846 2606 931 2643 1092
960 2606 1054 2641 pour
1081 2595 1113 2629 la
1141 2596 1418 2640 Terre-Sainte,
1446 2598 1493 2631 01¹1
1518 2597 1540 2630 il

136 2665 283 2692 mourut
303 2658 441 2692 l’annee
462 2659 637 2692 suivante.
659 2655 842 2691 Raimond
857 2667 1023 2689 emmena
1037 2657 1056 2689 a
1074 2654 1106 2689 la
1124 2656 1287 2690 croisade
1306 2668 1341 2690 sa
1358 2656 1541 2690 troisii‘nic

135 2717 286 2759 semme,
311 2716 447 2760 Elvire,
472 2717 541 2751 fille
563 2716 741 2751 naturelle
760 2715 945 2749 d’Alsonse
968 2714 1040 2757 VI,
1068 2715 1122 2749 roi
1142 2715 1187 2749 de
1208 2716 1304 2749 Leon
1327 2722 1363 2749 et
1384 2715 1429 2748 dc
1455 2716 1539 2749 Cas—

136 2775 227 2819 tille,
244 2778 333 2811 ainsi
348 2778 461 2824 qu⁷un
482 2778 535 2811 fils
553 2790 684 2812 cncorc
704 2776 844 2817 ensant,
867 2774 954 2821 qu'il
973 2775 1065 2808 avait
1082 2787 1124 2808 cu
1144 2774 1265 2814 d’elle,
1287 2782 1318 2808 et
1337 2774 1427 2808 dont
1443 2773 1542 2807 l’his-

139 2836 227 2869 voire
247 2837 299 2869 n'a
322 2849 382 2881 pas
402 2839 570 2870 conservo
589 2836 620 2870 lc
640 2848 735 2868 nom»
