2085 3455
600 303 677 341 240
964 302 1206 340 HISTORIA
1238 302 1638 340 ECCLESIASTICA.
1863 309 1997 359 [1087]

605 392 869 437 Cestrenses
889 399 933 435 et
950 389 1398 447 Nordanlzumbros,
1421 401 1586 436 contra
1605 389 1772 436 Scotos
1790 402 1832 436 et
1855 393 1998 439 Gual-

599 469 694 525 los,
745 466 1110 531 Northcvtgetzas
1160 478 1202 512 et
1249 468 1413 513 Dacos
1434 505 1446 523 ‚
1502 477 1544 512 et
1592 477 1758 512 contra
1807 478 1997 517 caeteros

600 547 926 602 adversarios,
955 548 1036 608 qui
1064 544 1364 590 conabantur
1386 561 1460 589 me
1489 561 1633 607 regno
1665 544 1862 606 Angltae
1890 564 2000 610 spo-

602 624 745 680 liare,
775 620 970 684 difficile
998 632 1064 666 est
1093 637 1317 666 enarrare
1329 642 1348 675 ,·
1375 623 1421 665 in
1449 619 1619 683 quibus
1652 619 1868 666 omnibus
1886 639 2002 686 pro—

603 701 723 747 venit
755 698 872 745 milti
897 716 1000 744 sors
1031 699 1259 744 victoriaf.
1290 697 1389 743 Sed
1422 699 1635 760 quamvis
1667 715 1809 762 super
1835 698 2003 763 liujus-

601 776 734 823 modi
757 774 1002 840 triumphis
1027 774 1240 820 humana
1265 774 1480 835 gaudeat
1501 774 1729 832 aviditas,
1757 792 1830 820 me
1853 787 2005 822 tamen

601 854 886 898 intrinsecus
923 852 1104 915 pungit
1144 861 1186 895 et
1225 850 1405 895 mordet
1431 848 1714 917 formidinis
1749 852 2005 908 anxietas;

602 931 715 976 dum
746 927 995 994 perpendo
1036 927 1164 990 quod
1207 928 1254 972 in
1300 928 1517 973 omnibus
1556 928 1631 973 his
1672 939 1900 990 grassata
1940 941 2006 976 est

604 1024 732 1052 soeva
763 1008 1017 1051 temeritas.
1049 1003 1185 1048 C'nde
1215 1021 1330 1060 vos,
1366 1022 1393 1050 o
1425 1003 1694 1050 sacerdotes
1729 1015 1773 1050 et
1805 1006 2009 1051 ministri

608 1083 804 1139 Christi,
834 1080 1114 1146 suppliciter
1138 1079 1331 1126 obsecro
1358 1092 1406 1125 ut
1434 1081 1726 1127 orationibus
1752 1084 1916 1127 vestris
1941 1099 2010 1128 me

603 1158 939 1206 commendetis
978 1158 1291 1222 omnipotenti
1328 1158 1459 1212 Deo‚·
1499 1170 1547 1203 ut
1577 1169 1808 1222 peccata>
1843 1159 2012 1222 quibus

605 1236 869 1282 admodum
892 1251 1102 1299 premor,
1133 1235 1232 1298 ipse
1259 1236 1486 1290 remittat,
1517 1245 1560 1280 et
1579 1252 1670 1298 per
1689 1252 1827 1280 suam
1851 1234 2015 1298 iry‘ati-

601 1314 813 1375 gabilem
854 1313 1157 1359 clementiam
1202 1318 1322 1358 inter
1359 1330 1468 1357 suos
1510 1330 1583 1357 me
1623 1313 1803 1359 salvum
1827 1312 2011 1376 saciat.

610 1392 879 1438 Thesauros
906 1407 1091 1454 quoque
1122 1407 1249 1436 meos
1272 1390 1421 1455 jubeo
1447 1390 1558 1435 dari
1582 1391 1792 1437 ecclesiis
1824 1401 1867 1436 et
1887 1409 2015 1455 pau-

597 1469 824 1535 peribus,
858 1480 906 1514 ut
934 1487 1042 1531 quae
1074 1479 1297 1530 congesta
1326 1479 1435 1513 sunt
1464 1466 1881 1532 exsacinoribus,
1914 1470 2015 1515 dis·-

598 1558 868 1612 pergantur
884 1547 933 1591 in
950 1547 1131 1592 sanctis
1159 1545 1449 1592 Sanctorum
1470 1547 1652 1593 usibus.
1682 1547 1873 1593 Debetis
1894 1550 2014 1593 enim

606 1624 809 1669 recolere
841 1640 985 1686 quam
1021 1622 1224 1668 dulciter
1257 1640 1343 1668 vos
1378 1627 1562 1679 stillavi,
1592 1636 1635 1669 et
1664 1641 1809 1687 quam
1819 1623 2018 1686 fortiter

609 1711 779 1748 contra
806 1718 966 1747 omnes
991 1700 1185 1745 oemulos
1210 1699 1470 1763 defensavi.

671 1777 949 1824 Ecclesiam
966 1777 1082 1833 Dei,
1106 1787 1303 1822 matrem
1320 1776 1499 1822 scilicet
1516 1788 1749 1832 nostram,
1771 1794 2017 1841 nunquam

606 1855 815 1910 violavi;
846 1854 931 1900 sed
972 1854 1166 1917 ubique,
1214 1865 1262 1899 ut
1300 1856 1424 1900 ratio
1461 1855 1620 1917 exegit
1634 1892 1649 1911 ,
1695 1854 2020 1900 desideranter

609 1933 852 1979 honoravi.
892 1931 1266 1978 Ecclesiasticas
1292 1931 1552 1993 dignitates
1577 1948 1824 1994 nunquam
1847 1949 2018 1977 venunt

610 2009 742 2055 dedi.
778 2009 1046 2055 Simoniam
1071 2007 1330 2053 detestatus
1356 2024 1540 2071 semper
1563 2007 1783 2071 refutavi.
1815 2012 1874 2053 In
1896 2007 2018 2054 elec-

609 2086 736 2132 tione
757 2101 1071 2150 personarum
1098 2085 1211 2129 vitae
1236 2085 1452 2129 meritum
1465 2121 1480 2141 ,
1509 2095 1552 2129 et
1575 2085 1826 2149 sapientise
1850 2084 2019 2130 doctri-

609 2181 723 2209 nam
756 2163 1065 2226 investigavi,
1106 2173 1148 2207 ct
1181 2173 1412 2225 quantum
1451 2163 1501 2207 in
1539 2179 1613 2207 me
1630 2159 1764 2224 fuit,
1807 2163 2013 2208 omnium

609 2240 891 2305 dignissimo
919 2239 1158 2286 Ecclesia:
1190 2243 1398 2303 regimen
1428 2240 1772 2286 commendavi.
1802 2241 1913 2286 Hoc
1940 2245 2015 2285 ni-

610 2319 781 2363 mirum
809 2317 1010 2383 probari
1034 2328 1190 2382 potest
1227 2319 1457 2363 veraciter
1487 2321 1533 2362 in
1568 2317 1846 2379 Lanjranco
1885 2318 2016 2363 Can-

612 2397 926 2442 tuariensium
956 2395 1325 2460 arcln'proesule,
1360 2395 1449 2441 lzoc
1477 2398 1525 2440 in
1552 2396 1782 2442 Anselmo
1810 2397 2018 2442 5666611-

611 2477 733 2519 sium
779 2473 979 2527 abbate,
1032 2473 1118 2518 hoc
1163 2475 1211 2518 in.
1263 2473 1483 2519 Gerherto
1532 2473 1928 2529 Fontanellense,
1977 2483 2018 2518 et

613 2550 853 2597 Durando
895 2552 1221 2608 Troarnense‚
1260 2563 1302 2597 et
1335 2553 1384 2596 in
1419 2551 1530 2597 aliis
1564 2551 1724 2597 multis
1761 2553 1898 2615 regni
1932 2552 2018 2596 mei

612 2628 912 2684 sloctoribus,·
938 2646 1134 2692 quorum
1158 2629 1353 2675 celebris
1376 2629 1481 2675 laus
1493 2641 1728 2694 personat
1749 2631 1795 2675 in
1823 2630 2015 2685 ultimis,

615 2717 663 2751 ut
688 2706 855 2763 credo,
893 2717 1026 2752 terroe
1041 2706 1245 2769 finibus.
1281 2706 1425 2752 Tales
1453 2708 1608 2752 socios
1641 2706 1710 2752 ad
1737 2706 2016 2770 colloquium
