2033 3445
620 302 770 340 LIBER
798 302 1002 364 §EXTUs
1468 306 1512 341 15

124 392 281 438 multis
306 390 499 454 opibus,
531 400 740 452 tempore
763 388 1001 435 Guillelmi
1020 388 1222 451 junioris
1247 387 1514 452 Anglorum

124 470 258 533 regis,
280 467 453 514 affatim
470 467 787 530 locupletavit.
808 464 1038 512 Geroldus
1056 468 1123 528 (1)
1139 476 1292 512 autem
1308 467 1513 512 officium

122 556 289 592 sanctae
330 544 674 607 praedicationis
691 580 702 599 ‚
751 542 878 608 quod
914 545 960 589 in
1006 543 1227 589 clericatu
1274 553 1514 606 gratanter

121 632 390 669 exercuerat
414 623 531 685 (quo
555 621 713 684 plures
731 620 787 666 de
804 637 944 667 coeno
962 620 1171 666 libidinis
1187 631 1232 666 et
1251 621 1515 684 rapacitatis

121 697 177 744 ad
200 698 453 761 puritatem
472 698 737 743 innocentis
754 698 863 743 vitae
882 699 1221 760 pertraxerat),
1246 698 1291 742 in
1312 708 1515 760 pastora-

123 775 177 820 lis
201 775 403 821 culmine
429 775 671 838 regiminis
700 775 900 837 positus,
928 775 1180 839 vigilanter
1213 775 1442 832 excoluit,
1471 786 1517 822 et

122 851 334 915 pluribus
353 852 614 914 opitulante
630 853 729 898 Deo
751 852 944 915 profuit.
969 853 1157 899 Novum
1177 854 1514 900 monasterium

120 927 344 991 regularis
380 927 558 973 ordinis
596 927 914 974 sanctionibus
954 929 1182 985 instituit,
1227 929 1513 975 novitiorum

120 1005 300 1068 copiam
322 1004 577 1051 monachili
611 1022 790 1051 normae
827 1007 1138 1069 mancipavit,
1179 1007 1514 1071 neophytisque

119 1082 321 1145 optimos
346 1083 462 1128 ritus
480 1081 644 1146 rigidae
665 1084 1033 1130 conversationis
1055 1083 1264 1130 tradidit.
1290 1083 1362 1130 Ad
1383 1101 1514 1131 exer-

118 1159 279 1205 citium
299 1160 540 1222 spirituale
566 1178 672 1206 cum
691 1160 907 1224 subjectis
927 1161 1280 1217 commanebat,
1305 1161 1360 1208 ad
1386 1161 1512 1208 laho-

119 1237 238 1282 riosa
256 1237 394 1282 etiam
407 1238 618 1301 juniores
646 1237 882 1283 interdum
904 1238 1127 1301 praeibat,
1151 1240 1403 1304 solertique
1416 1244 1514 1285 '‘stu-

118 1312 195 1360 dio
212 1315 483 1360 monasterii
502 1331 572 1360 res
595 1315 719 1360 intus
733 1326 778 1360 et
795 1326 921 1360 extra
939 1314 1197 1379 prudenter
1215 1316 1506 1380 disponebat.

118 1391 226 1436 Post
248 1392 402 1454 plures
425 1409 573 1438 anuos
597 1392 780 1437 invidus
815 1392 953 1437 Satan
989 1393 1034 1437 iu
1059 1392 1360 1439 Dominicum
1397 1411 1511 1457 gre-

120 1485 222 1531 gem
249 1469 475 1524 surrexit,
494 1479 538 1514 et
559 1469 767 1531 opilione
789 1470 1006 1533 nequiter
1027 1469 1306 1532 perturbato
1330 1482 1510 1517 teneras

120 1562 228 1591 oves
259 1546 484 1592 atrociter
518 1547 718 1592 vexavit.
755 1545 1025 1593 Rodbertus
1060 1547 1186 1593 enim
1215 1548 1373 1604 Brito,
1408 1560 1512 1612 post

119 1634 322 1670 mortem
339 1622 565 1670 Rodberti
586 1624 669 1670 filii
688 1625 946 1681 Haimonis‚
965 1624 1179 1672 abbatem
1198 1644 1331 1671 suum
1353 1631 1396 1687 (a
1417 1644 1512 1692 quo

120 1711 353 1764 susceptus
377 1702 524 1747 fuerat
547 1700 603 1747 ad
627 1702 977 1763 monachatum)
1002 1702 1058 1749 (le
1087 1702 1360 1767 quibusdam
1391 1705 1512 1750 salsis

118 1903 205 1937 dont
222 1902 326 1936 l'aine
343 1902 397 1935 sut
420 1909 523 1936 notre
539 1901 676 1936 ltobert
696 1903 958 1946 ΕΠΖ-1111111011,
979 1911 1013 1937 rt
1033 1904 1063 1938 le
1081 1904 1213 1939 second
1233 1906 1417 1952 s'appelait
1436 1908 1509 1941 lla-

121 1974 220 2001 mon,
239 1973 378 1996 comme
396 1973 459 1995 son
478 1963 563 2007 pere
581 1968 618 1996 et
636 1973 698 1995 son
717 1962 821 1996 a'i'eul.

162 2020 301 2054 Robert
319 2020 561 2055 Fitz-Hamon
579 2026 727 2055 mourut
746 2021 817 2055 sort
830 2021 941 2066 jeune
954 2050 962 2065 ‚
983 2034 1028 2056 en
1047 2034 1141 2056 mars
1164 2035 1262 2070 1107,
1280 2025 1382 2070 apres
1397 2025 1507 2067 avoir,

117 2092 180 2126 par
200 2080 292 2113 suite
311 2078 418 2113 d'une
431 2078 590 2113 blessure
608 2091 713 2126 reque
732 2092 776 2114 au
797 2081 893 2127 sie'ge
909 2080 954 2115 de
972 2080 1125 2123 Falaise‚
1146 2081 1260 2128 perdu
1273 2081 1401 2129 depuis
1417 2083 1510 2118 deux

116 2150 178 2171 ans
195 2137 328 2185 l'usage
352 2137 396 2172 de
414 2149 467 2172 ses
486 2137 632 2171 facultes
651 2137 935 2173 intellectuelles.
955 2139 997 2173 Sa
1017 2152 1145 2182 veuve,
1172 2139 1306 2186 Sibylle
1323 2140 1368 2174 de
1389 2141 1508 2175 Mont-

117 2198 291 2244 gommeri
306 2225 314 2240 ‚
345 2208 380 2231 se
405 2197 556 2231 remaria
577 2199 595 2231 a
620 2209 668 2231 un
691 2198 860 2242 seigneur
878 2198 927 2232 (111
955 2211 1040 2233 110111
1067 2198 1112 2233 tle
1135 2199 1287 2242 flames,
1318 2200 1509 2246 probablc—

117 2265 217 2292 ment
238 2257 448 2293 Guillaume
473 2257 517 2292 de
542 2257 693 2299 Rames,
723 2258 784 2305 qui
814 2266 962 2293 mourut
980 2272 1024 2294 en
1050 2258 1128 2295 1131
1151 2258 1296 2294 laissant
1314 2260 1406 2295 deux
1427 2261 1479 2296 fils
1501 2280 1506 2296 ς

115 2315 255 2350 Robert
271 2323 306 2350 et
320 2316 453 2362 Roger.
475 2316 599 2360 Quant
617 2317 634 2348 ἰι
655 2315 738 2358 elle,
759 2328 805 2350 on
822 2316 854 2351 la
872 2317 944 2351 voit
963 2329 1092 2352 encore
1111 2318 1245 2364 figurer
1262 2318 1351 2353 dans
1369 2331 1418 2353 un
1433 2327 1510 2354 acte

117 2376 161 2409 de
183 2389 192 2409 1
207 2379 278 2417 140.

163 2437 213 2471 Μ.
240 2434 424 2481 Stapleton
452 2447 560 2481 pense
582 2447 652 2482 que
672 2434 703 2468 la
730 2436 862 2470 saniille
887 2436 932 2471 de
956 2435 1086 2471 Ranivs
1105 2438 1191 2471 etait
1209 2438 1405 2483 originaire
1422 2438 1508 2473 d’un

117 2496 266 2529 chateau
284 2494 329 2529 de
347 2507 386 2529 ce
402 2507 504 2538 nom,
523 2495 615 2529 sitne
633 2507 694 2528 sur
709 2494 741 2529 le
757 2496 940 2531 territoire
956 2496 1000 2531 de
1019 2497 1292 2532 Gommciwille.

162 2555 211 2600 (ι)
240 2554 270 2588 Il
296 2554 427 2601 paralt,
459 2554 597 2601 d'apres
627 2554 657 2588 la
685 2555 886 2602 chronique
910 2556 955 2590 de
981 2557 1245 2603 Tewkesbury,
1275 2569 1344 2604 que
1370 2558 1508 2593 Gerold

117 2613 268 2661 (qu'elle
297 2613 434 2660 appelle
462 2613 632 2659 Giralde)
661 2626 867 2662 commenca
895 2627 959 2662 pai·
990 2617 1066 2651 etre
1091 2616 1182 2651 abbe
1205 2617 1250 2651 de
1276 2617 1507 2661 Craneborn,

118 2680 220 2707 avant
246 2685 316 2720 que
345 2673 377 2707 la
405 2674 669 2720 permutation,
689 2674 778 2708 dont
800 2686 889 2709 nous
907 2688 1040 2710 venons
1058 2676 1102 2710 dc
1126 2675 1255 2722 parler,
1277 2688 1313 2710 se
1332 2677 1385 2711 sut
1403 2677 1508 2711 offec-

117 2733 213 2766 tuee.
246 2732 277 2765 Il
306 2732 359 2766 sut
383 2732 475 2767 donc
496 2735 513 2766 a
542 2732 571 2765 la
599 2734 663 2767 lois
692 2733 724 2767 le
748 2734 902 2779 premier
921 2734 1011 2769 abbe
1029 2735 1076 2768 du
1099 2747 1260 2769 nouvcau
1286 2738 1508 2779 monastero,

119 2802 257 2824 comme
276 2789 307 2824 le
325 2790 380 2825 dit
400 2799 502 2825 notre
522 2799 662 2833 auteur,
683 2800 717 2826 et
735 2792 766 2826 le
783 2792 928 2827 ‹lernier
946 2793 989 2827 ‹l1¹
1009 2794 1157 2828 l'ancirn
