2085 3455
599 320 677 355 :3:32
963 320 1202 358 HlS'sOffiA
1234 319 1440 357 ECCLESI
1450 320 1634 357 ASTHJA.
1862 326 1998 374 [1090]

599 417 800 452 monelae
832 409 1023 470 recepit.
1057 407 1210 452 Helias
1241 422 1351 452 vero
1381 406 1627 452 recedente
1652 407 1823 469 Ligure
1849 425 1998 456 comes

596 482 1011 530 Cenomannorum
1035 485 1180 530 sactus
1205 494 1294 538 est,
1323 494 1369 529 et
1394 500 1457 528 xx
1481 484 1615 529 annis
1642 482 1810 546 adepto
1834 501 2000 532 consu—

600 559 695 604 latu
732 571 921 607 strenue
946 562 1124 624 potitus
1149 571 1216 606 est
1245 562 1335 622 (i).
1369 561 1512 606 Heres
1543 577 1730 624 quoque
1763 562 1908 607 soceri
1935 565 1998 608 sui

597 636 803 682 Gervasii
847 639 902 683 de
948 638 1110 684 Castro
1153 638 1307 700 Ligeri
1354 638 1497 684 sactus
1543 648 1611 683 est
1630 674 1642 693 ,
1691 639 1819 702 cujus
1861 639 2001 686 filiam

600 713 787 768 habuit,
824 731 880 760 ex
906 732 994 778 qua
1030 714 1174 759 filiam
1205 715 1397 760 nomine
1434 713 1783 778 Eremburgem
1817 716 1999 779 genuit,

598 809 740 855 quam
765 791 944 837 domini
969 792 1036 837 sui
1063 791 1160 838 filio
1179 791 1394 847 Falconi,
1423 791 1790 855 Andegavorum
1819 793 1999 849 comiti,

600 869 645 913 in
664 869 1018 914 matrimonium
1040 868 1276 931 copulavit
1298 869 1385 930 (2).
1407 869 1494 914 Hic
1513 871 1559 914 in
1579 880 1762 932 accepta
1782 879 2005 932 potestate

598 946 720 990 viam
751 964 880 991 suam
913 946 1122 991 multum
1151 945 1442 1001 emendavit,
1478 957 1524 992 et
1552 947 1803 1009 multiplici
1840 947 2005 995 virtute

598 1022 777 1068 floruit.
802 1023 993 1069 Clerum
1017 1034 1062 1068 et
1088 1023 1344 1068 Ecclesiam
1371 1023 1452 1068 Dei
1480 1023 1777 1070 laudabiliter
1798 1023 2005 1071 honora-

599 1099 691 1153 vit,
720 1109 766 1143 et
789 1099 938 1144 missis
959 1099 1244 1162 servitioque
1267 1099 1351 1144 Dei
1374 1099 1585 1162 quotidie
1603 1100 1840 1146 ferventer
1862 1100 2008 1146 inter-

598 1176 701 1220 suit.
731 1176 958 1240 Subjectis
989 1176 1260 1240 {equitatem
1289 1177 1516 1230 servavit,
1552 1193 1807 1241 pacemque
1833 1194 2008 1241 paupe-

601 1251 732 1297 ribus
755 1270 843 1315 pro
866 1270 998 1316 posse
1025 1270 1107 1298 suo
1132 1254 1298 1299 tenuit.

665 1330 772 1375 XII.
793 1332 983 1394 (1089.)
1000 1331 1080 1376 His
1097 1331 1390 1393 temporibus
1408 1333 1454 1376 in
1474 1331 1769 1377 Normannia
1789 1334 2007 1397 nequitiae

601 1407 751 1453 rabies
785 1409 986 1454 nimium
1021 1409 1196 1463 crevit,
1235 1419 1281 1454 et
1318 1410 1366 1454 in
1399 1410 1580 1455 cunctis
1620 1409 1886 1456 climatibus
1919 1412 2010 1475 ejus

601 1485 723 1530 ultra
758 1485 953 1531 modum
989 1484 1299 1541 redundavit,
1328 1486 1615 1550 miserosque
1652 1487 1859 1551 regionis
1894 1487 2010 1534 indi-

602 1579 742 1625 genas
754 1562 1088 1609 miserabiliter
1107 1562 1428 1609 conturbavit.
1450 1564 1709 1610 Armorum
1729 1564 1896 1612 crebra
1919 1566 2011 1612 col-

602 1638 705 1683 lisio
748 1639 794 1684 in
825 1638 1123 1685 conflictibus
1151 1639 1383 1693 frenduit,
1413 1650 1458 1685 et
1492 1640 1755 1685 multorum
1788 1642 2013 1704 sanguine

606 1717 746 1761 tellus
773 1716 969 1762 maduit.

672 1795 812 1841 Anno
821 1794 1025 1841 secundo
1034 1812 1352 1859 posquamrex
1363 1795 1643 1842 Guillelmus
1653 1795 1771 1842 obiit
1783 1798 1869 1859 (3),
1883 1796 2013 1843 Asce-

606 1871 726 1915 linus
751 1871 819 1933 (4)
853 1882 1173 1934 cognomento
1207 1871 1400 1917 Goellus
1430 1870 1686 1917 Guillelmo
1706 1872 2008 1928 Bretoliensi‚

605 1947 800 1994 domino
819 1965 918 2004 suo,
941 1965 1095 1994 arcem
1114 1948 1255 1994 lbreii
1270 1948 1431 1994 fraude
1449 1950 1694 2011 surripuit,
1711 1960 1757 1995 et
1773 1948 2012 1996 Rodberto

606 2025 710 2071 (luci
760 2024 985 2088 prodidit.
1035 2026 1315 2071 Guillelmus
1357 2037 1510 2072 autem
1557 2044 1645 2089 pro
1692 2025 2012 2090 redemptione

655 2184 703 2228 (1)
722 2182 754 2217 Il
774 2183 1002 2227 semblerast,
1029 2184 1170 2231 d’apres
1189 2197 1244 2219 ces
1262 2184 1422 2232 paroles,
1444 2185 1612 2232 qu'Helie
1627 2186 1724 2231 jouit
1741 2185 1902 2232 pendant
1919 2187 2015 2234 vingt

611 2253 673 2275 ans
685 2270 694 2284 ,
711 2254 792 2275 sans
805 2243 1073 2277 contradiction
1085 2271 1093 2287 ‚
1111 2244 1160 2278 du
1176 2246 1295 2279 comte
1311 2244 1398 2291 qu⁷il
1416 2245 1535 2278 venait
1550 2244 1753 2291 d'acquerir
1770 2244 1814 2278 de
1829 2256 1891 2279 son
1907 2244 2014 2286 a‘ieul3

611 2302 700 2335 mais
727 2313 820 2335 nous
848 2314 996 2336 verrons
1023 2303 1164 2338 bientot
1192 2316 1263 2351 que
1289 2303 1339 2337 les
1368 2304 1492 2338 choses
1521 2304 1645 2338 furent
1672 2304 1747 2338 loin
1772 2304 1816 2338 de
1842 2316 1877 2339 se
1902 2316 2017 2351 passer

611 2360 699 2393 ainsi
716 2388 725 2403 ,
754 2368 790 2395 et
817 2373 907 2408 que,
937 2362 1227 2397 conformement
1257 2375 1322 2397 aux
1352 2364 1551 2409 previsions
1579 2375 1649 2410 que
1677 2370 1781 2397 notre
1810 2370 1941 2398 auteur
1969 2364 2032 2405 lui,

613 2420 732 2465 prete,
753 2420 802 2455 les
822 2422 966 2467 princes
984 2422 1192 2456 Rormands
1217 2424 1455 2470 apporterent
1474 2423 1518 2457 de
1538 2435 1661 2469 graves
1686 2423 1861 2458 obstacles
1886 2426 1903 2457 a
1929 2430 2017 2458 cette

610 2491 828 2524 Jouissance.

660 2539 710 2583 (2)
725 2538 830 2573 Helie
844 2541 976 2585 epousa
993 2552 1037 2573 en
1055 2539 1137 2575 effet
1151 2541 1348 2579 Mathilde.
1370 2540 1440 2575 fille
1456 2541 1593 2587 unique
1609 2540 1654 2575 de
1667 2541 1818 2576 Get-vais
1829 2570 1837 2585 ‚
1855 2542 2018 2589 seigneur

615 2597 660 2631 de
675 2598 1013 2634 Clifiteau-duLoir
1029 2607 1063 2634 et
1081 2601 1125 2635 de
1142 2602 1273 2646 Mayet,
1291 2602 1354 2647 qui
1370 2607 1518 2634 mourut
1532 2607 1637 2634 avant
1650 2601 1791 2647 Paques
1812 2613 1909 2648 1099.
1930 2602 2018 2635 Leur

618 2656 688 2690 fille
707 2657 932 2704 Ercinburge
953 2666 1056 2704 porta
1076 2659 1106 2691 le
1127 2662 1244 2693 comte
1262 2660 1309 2693 du
1328 2660 1447 2693 Maiae
1467 2661 1485 2692 ἐι
1501 2659 1684 2705 Foulque,
1707 2667 1824 2694 com†e
1845 2661 2015 2705 d’Anjou,
2077 2693 2079 2713 A!

616 2716 746 2762 qu'elle
766 2718 897 2762 epousa
918 2731 962 2751 eii
986 2731 1083 2751 1100.

664 2774 713 2819 (3)
734 2776 785 2809 En
815 2776 910 2823 '⁰80-

669 2835 712 2877 4)
733 2834 802 2868 Sur
821 2848 858 2868 re
881 2836 1048 2878 seigneur
1067 2844 1095 2869 r·
1118 2850 1150 2870 sa
1173 2838 1323 2877 famillvf
1350 2852 1452 2882 rorrz
1474 2838 1664 2872 (nileffus.
1693 2846 1714 2870 1.
1740 2839 1791 2874 ll,
1816 2851 1850 2883 p.
1874 2837 1948 2883 469⁴
