2033 3445
76 264 162 311 [xx0
183 273 284 297 mis-11
310 261 430 309 1097]
597 260 752 298 LIBER
780 260 963 299 NONUS.
1415 266 1493 303 505

76 344 253 410 gationi
273 344 572 401 satisfaciens,
593 346 886 409 Tatano(1)‚
906 347 1112 409 principi
1130 349 1331 406 militiae‚
1353 367 1494 414 quem

76 419 364 470 nostratibus
383 422 616 485 praevium
639 440 747 468 cum
769 440 829 469 XL
846 422 1060 468 millibus
1078 435 1212 470 antea
1234 427 1495 472 constitue-

75 511 173 556 rat,
212 499 407 562 aliisque
444 499 724 545 satellitibus
753 501 845 545 suis
885 500 1136 563 imperavit
1171 512 1223 546 ut
1255 519 1301 548 se
1338 514 1384 549 et
1415 522 1493 550 sua

75 577 294 624 dedentes
314 578 588 640 Byzantium
617 578 875 640 impunitos
897 577 1208 635 deducerent,
1236 590 1282 626 et
1301 580 1357 626 de
1377 582 1496 627 civi—

75 666 167 701 tate
190 653 415 702 servanda
450 655 621 701 curiosi
656 655 727 717 (2)
754 666 1086 718 procurarent.
1116 657 1256 702 Juxta
1281 675 1496 722 praecep—

76 743 174 779 tum
206 731 405 796 Augusti
438 733 596 778 omnia
621 733 737 778 sacta
771 743 904 788 sunt,
939 744 986 779 et
1010 735 1172 780 civitas
1196 735 1377 782 reddita
1401 747 1492 794 est,

75 826 281 874 gensque
310 809 571 855 Gentilium
602 808 659 854 ad
691 809 860 856 urbem
885 810 1239 874 imperatoriam
1261 812 1496 858 indemnis

73 887 272 934 deducta
294 897 379 933 est.
405 887 566 934 Victos
589 888 745 952 itaque
770 889 1030 952 imperator
1050 907 1159 935 cum
1179 889 1498 938 honorificen-

9 1021 13 1028 ι
75 965 137 1011 tia
157 965 390 1010 libertatis
410 966 637 1028 suscepit,
666 967 943 1030 magnisque
963 966 1308 1031 dapsilitatibus
1326 969 1494 1016 educa-

18 1078 27 1084 „
75 1043 164 1100 vit,
188 1054 235 1089 et
258 1042 543 1106 pauperibus
567 1043 845 1090 Christianis
878 1045 1027 1091 multa
1052 1045 1246 1092 donaria
1279 1046 1492 1093 donavit.

74 1121 273 1167 Civitate
296 1121 500 1178 reddita,
527 1120 781 1168 Christiani
808 1122 866 1168 ab
890 1122 1136 1170 obsidione
1155 1123 1394 1170 secedunt.
1424 1124 1495 1170 Ibi

75 1199 304 1245 nimirum
325 1199 462 1245 multi
483 1200 627 1256 fame,
657 1200 729 1246 vel
754 1199 910 1264 gladio
925 1237 936 1256 ‚
958 1201 1032 1247 vel
1054 1202 1148 1248 alio
1168 1201 1384 1266 quolibet
1407 1219 1492 1248 ex-

75 1275 300 1322 terminio
323 1276 499 1321 mortui
527 1287 661 1333 sunt;
684 1277 762 1340 qui
781 1313 793 1333 ,
821 1287 874 1322 ut
892 1276 1149 1333 credimus,
1171 1278 1292 1324 felici
1319 1289 1493 1341 marty·

76 1353 150 1399 rio
176 1352 371 1398 laureati
397 1364 532 1410 sunt,
558 1353 794 1417 quoniam
820 1369 911 1416 pro
944 1354 1145 1399 fratrum
1173 1355 1495 1418 compassione

53 1421 275 1493 scorpora
305 1449 382 1476 sua
406 1430 720 1477 tradiderunt.
744 1432 881 1477 Multi
907 1432 1046 1477 etiam
1071 1432 1332 1478 Gentilium
1354 1434 1495 1479 variis

76 1507 321 1554 eventibus
362 1507 582 1554 trucidati
623 1519 756 1566 sunt,
805 1527 1010 1573 quorum
1058 1509 1279 1556 cadavera
1326 1511 1496 1574 passim

76 1585 317 1634 inhumata
336 1587 604 1650 jacuerunt.
633 1587 723 1632 Per
742 1597 921 1650 septem
945 1586 1287 1644 hebdomadas,
1311 1598 1496 1652 tresque

75 1664 171 1711 dies
193 1665 264 1728 (3)
286 1665 384 1711 illic
404 1664 658 1711 Christiani
678 1664 910 1711 demorati
935 1676 1066 1722 sunt;
1089 1676 1135 1712 et
1154 1665 1334 1712 reddita
1356 1668 1493 1723 urbe,

76 1733 242 1806 pedem
281 1743 392 1788 alias
431 1744 584 1789 tristes
619 1743 914 1789 direxerunt.
953 1742 1224 1790 Poenitebat
1257 1746 1384 1790 enim
1418 1761 1496 1790 eos

76 1820 232 1885 longae
252 1820 538 1877 obsidionis,
561 1820 673 1866 dum
699 1838 794 1867 non
821 1820 1048 1867 dominati
1070 1833 1179 1867 sunt
1202 1822 1335 1879 urbi,
1361 1839 1496 1868 more

122 1998 172 2044 (1)
197 1998 248 2032 Ce
274 2009 502 2044 porsonnage
529 2010 574 2031 ne
600 1997 788 2043 s'appelait
816 2009 878 2044 pas
899 1998 1036 2038 Tatan,
1058 1998 1148 2031 mais
1167 1998 1310 2040 Taum,
1333 1998 1386 2031 fils
1407 1998 1494 2032 d'un

78 2058 241 2093 San-rasin
262 2058 326 2092 fait
345 2058 553 2104 prisonnier
570 2070 634 2103 par
651 2058 740 2091 Jean
759 2058 961 2091 Coninenr.
982 2057 1008 2091 ll
1026 2058 1118 2091 avait
1131 2059 1188 2091 ete
1201 2058 1298 2091 <blm-6.
1311 2057 1399 2091 dans
1418 2058 1496 2092 l’es-

79 2118 240 2163 damage,
261 2125 297 2152 et
322 2130 366 2151 en
394 2119 482 2152 ‹Stait
501 2118 587 2151 sorti
612 2129 676 2163 par
695 2129 729 2151 sa
750 2117 941 2152 bran-oure.
960 2118 1092 2152 C'etait
1110 2117 1142 2152 le
1160 2118 1247 2151 chef
1260 2117 1322 2152 des
1343 2117 1495 2152 officiers

79 2176 130 2211 du
147 2177 270 2224 palais.
293 2178 358 2211 Les
383 2177 580 2211 historiens
599 2176 708 2210 latins
731 2176 793 2210 des
823 2176 1023 2219 croisades,
1048 2178 1109 2224 qui
1136 2177 1237 2211 n’ont
1266 2178 1345 2211 rien
1372 2177 1495 2212 oublie

79 2247 173 2281 pour
191 2235 224 2269 le
245 2234 378 2269 rendre
403 2235 553 2277 odieux,
583 2247 628 2269 en
654 2234 735 2268 font
755 2247 805 2268 un
826 2236 981 2281 portrait
1000 2235 1168 2270 difforme
1186 2247 1230 2269 an
1250 2234 1364 2269 moral
1388 2242 1424 2270 et
1449 2247 1494 2269 au

80 2295 276 2342 physique,
297 2302 334 2329 et
359 2294 578 2341 pretendent
600 2294 689 2341 qu'il
712 2295 805 2328 avait
830 2294 862 2329 le
886 2307 950 2329 nez
970 2297 1100 2341 coupe.
1118 2295 1244 2330 rvares
1262 2295 1402 2329 habens
1419 2308 1495 2328 mu-

80 2354 165 2388 tilas
183 2356 219 2388 ιἰι
240 2356 388 2400 signum
406 2355 539 2387 mentis
556 2366 756 2399 perversae,
778 2353 832 2387 dit
853 2353 1064 2388 Guillaume
1084 2353 1129 2388 de
1148 2355 1237 2400 Tyr.
1257 2354 1381 2397 lVam,
1403 2366 1492 2401 qua,

80 2415 218 2455 nescio,
240 2415 430 2447 occasione
449 2411 589 2456 deciso,
619 2418 653 2446 et
672 2412 717 2446 ob
736 2412 776 2445 id
792 2418 899 2447 utens
918 2425 1047 2454 aureo,
1065 2413 1186 2458 ajoute
1206 2412 1385 2455 Guibert,
1404 2412 1495 2447 abbe

80 2471 125 2506 de
144 2472 302 2518 Rogent.

127 2536 177 2582 (2)
196 2536 248 2571 Ce
267 2543 343 2570 mot
360 2543 413 2570 est
427 2536 501 2582 pris
519 2536 563 2569 ici
583 2534 671 2569 dans
689 2547 751 2569 son
771 2546 850 2569 sens
871 2535 1028 2581 primitis
1045 2550 1051 2568 z
1072 2535 1267 2581 seigneux,
1289 2534 1454 2581 diligent.

127 2592 176 2639 (3)
198 2596 261 2629 Les
280 2594 478 2628 historiens
496 2593 559 2628 des
579 2593 761 2628 croisades
782 2593 923 2627 varient
944 2593 1133 2640 beaucoup
1156 2594 1407 2628 relativement
1423 2595 1441 2626 a
1460 2592 1492 2626 la

82 2653 194 2689 duree
212 2654 261 2688 du
278 2655 377 2700 siege
401 2653 446 2688 de
466 2654 590 2688 Nicee.
614 2654 716 2688 Nous
737 2664 893 2700 pensons
907 2680 917 2698 ,
941 2665 1023 2687 avec
1051 2665 1140 2688 ceux
1159 2654 1222 2701 qui
1244 2664 1335 2687 nous
1358 2651 1493 2697 parais-

83 2718 162 2746 sent
188 2712 239 2746 les
269 2712 389 2746 mieux
419 2712 612 2755 informes,
635 2710 765 2758 qu'elle
785 2711 842 2745 fut
864 2710 909 2745 de
928 2712 1155 2758 trente-cinq
1178 2712 1281 2756 jours
1307 2708 1378 2751 (16
1403 2709 1493 2742 mai-

86 2781 127 2803 20
148 2771 262 2815 juin).
294 2770 418 2805 I'icrrc
441 2770 642 2805 Tudcbodc
674 2770 772 2815 pan-ls-
802 2769 845 2804 de
879 2777 955 2815 sept
985 2771 1171 2815 scmaines.
1203 2771 1314 2804 Notro
1342 2775 1489 2803 auteur.
