2033 3445
106 313 211 360 [inmo
237 311 357 359 1099]
627 305 783 346 LIBER
812 305 910 344 NON
922 305 994 343 US„
1438 309 1516 346 593

109 396 269 459 aprilis
290 396 525 442 frumenta
559 393 854 449 secabantur,
885 402 932 437 et
968 391 1311 451 vindemiarum
1338 379 1522 441 redibat

109 483 378 519 autumnus.
417 474 523 519 Dux
550 473 695 536 igitur
718 468 998 518 Godesridus
1025 480 1070 515 et
1096 487 1250 517 comes
1275 472 1521 519 Norman-

110 567 223 607 nus,
253 549 552 597 Flandrensis
584 561 631 596 et
653 549 913 595 Tolosanus
942 558 989 593 et
1020 548 1316 605 TancredUS,
1359 550 1416 596 de
1448 552 1521 596 via

110 627 372 692 peragenda
400 628 544 674 locuti
577 636 702 683 sunt,
730 626 838 689 quia
859 625 955 689 jam
980 624 1205 681 instabat,
1234 626 1378 672 immo
1403 644 1523 690 pene

109 704 340 751 transibat
364 704 592 767 temporis
611 702 962 766 opportunitas.
983 702 1186 749 Dimisso
1211 704 1373 766 igitur,
1398 705 1525 768 quod

108 782 191 828 diu
215 781 522 838 obsederant,
546 781 737 827 castello
752 816 765 838 ‚
791 780 1030 843 Tripolim
1050 791 1244 826 ventum
1270 792 1338 826 est
1360 783 1430 844 (ι)
1447 817 1458 836 ,
1480 794 1525 828 et

109 858 264 905 foedus
303 877 411 905 cum
435 857 745 921 Tripolitanis
775 857 1016 903 firmatum
1041 868 1126 903 est.
1164 858 1263 904 Rex
1296 859 1527 923 siquidem

109 936 318 1000 Tripolis
354 953 416 983 xv
452 936 600 981 millia
637 934 973 998 byzanteorum
1009 946 1054 981 et
1092 952 1154 981 xv
1188 937 1347 1000 magni
1386 939 1526 1001 pretii

110 1030 255 1078 equos
280 1013 372 1059 illis
395 1012 548 1070 dedit,
572 1023 619 1059 et
641 1029 716 1058 ccc
740 1013 1043 1076 peregrin03‚
1070 1031 1188 1077 quos
1208 1013 1290 1060 diu
1314 1026 1529 1062 tenuerat

109 1091 344 1153 captivos,
367 1088 589 1136 reddidit.
617 1089 833 1153 Denique
858 1088 945 1135 sub
972 1088 1175 1136 obtentu
1200 1091 1324 1153 pacis
1341 1108 1528 1139 merca-

113 1181 214 1215 tum
244 1169 308 1215 eis
344 1168 567 1231 praestitit
599 1169 683 1229 (2).
721 1167 858 1213 Unde
893 1167 1101 1213 universi
1134 1168 1295 1215 resecti
1322 1179 1455 1226 sunt,
1482 1181 1528 1216 et

98 1246 315 1295 firmiter
353 1247 416 1292 eis
451 1245 633 1309 pepigit
668 1244 820 1309 quod,
860 1246 895 1290 si
931 1244 1136 1303 bellum,
1168 1245 1295 1310 quod
1320 1257 1434 1294 tunc
1464 1248 1528 1293 eis

112 1323 425 1386 Babylonicus
438 1322 726 1368 Admiralius
740 1321 1055 1385 praeparabat,
1069 1323 1322 1387 aliquando
1338 1324 1527 1371 vincere

113 1411 328 1464 possent,
362 1401 455 1464 ipse
479 1399 771 1445 Christianus
797 1400 1075 1457 efficeretur,
1102 1411 1149 1446 et
1171 1399 1228 1446 de
1247 1412 1419 1448 caetero
1439 1413 1530 1449 ter-

114 1496 216 1524 ram
249 1495 378 1524 suam
405 1478 453 1524 in
483 1494 650 1523 eorum
675 1476 899 1523 fidelitate
927 1479 1171 1524 retineret.
1207 1480 1370 1543 Itaque
1403 1481 1528 1526 maio

114 1555 350 1602 mediante
392 1557 459 1618 (5)
495 1556 555 1599 ab
591 1554 710 1600 urlte
749 1553 1085 1612 discesserunt,
1120 1566 1166 1600 et
1203 1566 1297 1601 tota
1336 1555 1410 1602 die
1446 1573 1531 1619 per

115 1645 300 1680 arctum
326 1643 373 1679 et
409 1631 633 1687 arduum,
667 1632 941 1696 inviumque
977 1632 1065 1677 iter
1091 1632 1305 1690 iverunt,
1334 1650 1531 1698 seroque

115 1710 172 1756 ad
193 1720 399 1757 castrum
422 1707 654 1754 Betheren
682 1708 752 1770 (53)
777 1719 1117 1771 pervenerunt.
1141 1708 1321 1755 Deinde
1338 1710 1501 1756 Zebari
1517 1748 1530 1769 ‚

116 1788 293 1835 civitati
322 1788 394 1849 (5)
419 1786 519 1832 sitae
544 1786 592 1831 in
614 1785 857 1833 littoribus
880 1786 1150 1843 maritimis,
1176 1789 1533 1852 appropinqua-

116 1876 302 1912 verunt.
328 1865 398 1910 lbi
426 1874 627 1928 propter
663 1880 893 1928 aquarum
921 1864 1170 1926 penuriam
1195 1865 1399 1927 perpessi
1423 1876 1532 1911 sunt

118 1941 480 1989 immoderatam
513 1942 611 1987 sitis
649 1941 939 2005 angustiam3
966 1958 1055 2004 qua
1094 1941 1234 1987 nimis
1259 1940 1449 1998 defecti,
1474 1943 1532 1989 ad

116 2021 277 2066 Braim
300 2019 499 2065 ssuvium
522 2019 593 2083 (6)
619 2019 793 2065 cursim
831 2028 1234 2082 properaverunt,
1265 2018 1345 2065 ubi
1371 2020 1531 2066 homi-
1590 2008 1601 2021 ι

118 2115 200 2144 nes
216 2109 263 2144 et
280 2098 493 2162 jumenta
516 2108 632 2160 potu
656 2097 852 2143 recreati
877 2107 1003 2142 sunt.
1031 2096 1117 2142 Die
1139 2113 1252 2143 vero
1270 2097 1531 2144 Dominicae

166 2276 218 2318 (1)
237 2274 286 2308 Ils
304 2286 327 2320 y
347 2274 548 2307 arrivcrent
567 2272 599 2307 le
617 2272 792 2307 vendredi
818 2271 858 2306 15
878 2273 961 2305 mai.

167 2334 216 2380 (2)
236 2334 286 2370 Ce
302 2346 348 2368 ne
365 2333 420 2367 fut
438 2333 605 2380 qu'aprbs
625 2333 724 2366 avoir
742 2334 800 2367 etc
817 2333 942 2365 vaincu
966 2331 1055 2365 dans
1073 2344 1144 2366 une
1166 2332 1351 2378 sanglantc
1369 2332 1511 2367 bataillc
1523 2361 1531 2372 ,

120 2405 191 2440 que
211 2392 330 2426 l'emir
350 2391 394 2426 de
415 2391 557 2438 Tripoli
577 2391 766 2426 souscrivit
784 2393 801 2425 a
820 2404 878 2425 ces
899 2391 1118 2425 conditions.

167 2449 217 2495 (5)
235 2450 360 2484 Pieri-e
380 2449 584 2483 Tudcbode
608 2456 644 2483 ct
663 2449 823 2483 Guiberr,
847 2448 892 2482 dc
913 2449 1060 2493 Nogent
1083 2448 1278 2495 indiquent
1301 2448 1334 2482 lc
1360 2448 1532 2483 vendredi

126 2508 167 2544 ιδ
186 2509 257 2542 mai
274 2519 416 2542 comme
433 2508 467 2543 le
486 2508 573 2553 jour
593 2507 638 2542 de
656 2508 735 2542 leur
755 2508 911 2549 arrivcc,
932 2514 969 2541 et
986 2507 1016 2540 le
1033 2506 1136 2541 lundi
1160 2507 1200 2541 16
1219 2520 1360 2542 comme
1378 2508 1469 2542 celui
1490 2508 1534 2541 dc

125 2569 203 2603 leur
226 2568 367 2614 depart.
396 2568 497 2603 Nous
522 2568 710 2614 preserons
733 2580 791 2602 ecs
817 2568 914 2601 ‹121an
938 2570 954 2600 ii
980 2566 1084 2601 colles
1103 2568 1164 2614 qui
1191 2574 1271 2601 sont,
1292 2568 1452 2601 {burnics
1473 2580 1534 2612 pai·

127 2627 266 2662 Robert
282 2627 326 2662 dc
344 2627 576 2662 Saint-Remi
596 2636 633 2661 et
651 2635 782 2662 auu-cs

171 2689 219 2732 (4)
239 2687 386 2733 Botrys,
408 2687 643 2733 aujourd³hui
666 2687 835 2721 ssatmust

172 2745 221 2791 ssi)
240 2746 387 2793 Byblos,
411 2746 643 2792 aujourd’hui
664 2745 807 2779 Geba'l'l.

173 2805 224 2850 (6)
245 2806 292 2839 Le
310 2805 442 2851 Lycus,
464 2805 696 2850 aujourcl’hni
718 2802 997 2838 Nahr-el-Kcn».

226 2882 297 2911 ιιι.
1285 2862 1344 2906 38
