2033 3445
87 286 251 335 [AESTATE
276 286 395 334 1098]
603 284 755 323 LIBER
785 284 966 322 NONUS.
1416 291 1495 328 575

84 370 390 434 praecluebat,
413 371 636 436 eloquens
653 383 699 419 et
710 371 946 436 jocundus
965 372 1189 420 omnibus
1204 376 1362 422 omnis
1377 388 1497 423 erat.

84 448 412 513 Singultuosus
444 465 559 514 ergo
588 450 820 496 exercitus
850 449 1066 514 exequias
1102 452 1197 515 ejus
1234 453 1502 500 celebrave-

83 536 224 584 runt,
262 537 309 572 et
355 526 644 574 aromatibus
696 525 942 573 conditum
990 543 1162 590 corpus
1209 529 1257 575 in
1311 531 1498 578 ecclesia

84 605 230 650 sancti
247 604 374 650 Petri
393 604 590 668 apostoli
613 604 919 666 sepelierunt.

148 680 314 728 Comes
336 681 492 727 Sancti
510 680 704 744 AEgidii,
722 680 994 726 nullatenus
1009 681 1217 746 pigritiae
1237 683 1311 730 vel
1334 701 1499 732 socor-

82 757 173 804 diae
209 758 531 822 adquiescens,
565 757 681 821 quin
716 757 971 821 gentilibus
1010 760 1111 807 zelo
1151 761 1496 820 inimicaretur,

83 836 310 882 continuo
330 846 507 881 terram
525 835 896 882 Sarracenorum
919 837 1154 901 ingressus
1174 849 1242 884 est
1255 875 1267 895 ‚
1290 850 1337 886 et
1356 839 1500 886 Alba-

82 931 186 960 ram
205 913 299 976 (ι),
328 912 540 960 nobilem
557 929 725 959 eorum
746 913 882 959 civita
892 925 1004 970 tem,
1028 917 1316 979 expugnavit
1335 928 1382 963 et
1400 918 1498 965 vio-

80 993 233 1038 lenter
268 989 598 1054 apprehendit.
642 990 814 1037 Omnes
853 992 1100 1057 utriusque
1137 1010 1271 1041 sexus
1297 995 1498 1041 civitatis

81 1068 257 1114 incolas
280 1084 399 1131 pene
422 1067 648 1130 peremit,
674 1067 937 1132 urbemque
966 1068 1209 1116 subactam
1230 1088 1313 1118 suo
1336 1071 1498 1118 domi-

80 1145 162 1192 nio
185 1145 488 1208 mancipavit.
515 1144 745 1192 Idoneum
770 1146 820 1192 in
849 1163 900 1192 ea
925 1146 1200 1210 pontificem
1234 1150 1304 1212 (2)
1331 1148 1497 1196 Chris-

124 1366 176 1408 (π)
199 1363 360 1399 Albarie.
390 1363 575 1398 Raimond
601 1364 763 1411 d'Agiles
790 1364 958 1411 l’appelle
983 1365 1129 1409 Bam-a,
1160 1373 1196 1401 et
1222 1366 1273 1401 les
1297 1367 1496 1402 historiens

79 1423 286 1459 Orientaux
305 1423 411 1458 Bare'
422 1436 469 1458 ou
486 1424 655 1459 Elbarie'.
676 1425 727 1459 Ce
745 1425 801 1459 fut
821 1424 910 1458 dans
930 1424 981 1458 les
1001 1426 1172 1459 environs
1190 1426 1235 1461 de
1254 1433 1348 1461 cette
1361 1427 1443 1461 ville
1459 1435 1496 1462 et

78 1482 124 1518 de
141 1484 289 1518 Mam-ah
307 1496 379 1530 que
397 1483 448 1518 les
466 1484 599 1518 croises
617 1484 738 1518 virent
756 1496 850 1530 pour
866 1484 898 1518 la
915 1485 1096 1530 premiere
1114 1485 1182 1519 sois
1200 1485 1262 1520 des
1281 1486 1430 1533 champs
1449 1487 1495 1521 de

75 1555 207 1578 cannes
224 1545 243 1577 a
261 1555 377 1578 sucre.
401 1543 573 1590 Quoique
590 1543 622 1577 le
640 1555 789 1590 passage
812 1544 861 1577 ou
884 1543 1014 1577 Albert
1031 1543 1137 1577 d'Aix
1164 1543 1281 1579 decrit
1303 1552 1398 1579 cette
1417 1546 1494 1580 cul-

75 1609 158 1637 ture
182 1602 252 1637 soit
275 1601 361 1636 bien
378 1614 518 1646 connu,
544 1614 636 1637 nous
661 1615 706 1637 ne
724 1615 879 1649 croyons
904 1602 1059 1649 pouvoir
1077 1615 1170 1638 nous
1190 1603 1378 1651 dispenses
1397 1605 1442 1640 de
1462 1605 1494 1640 le

74 1663 268 1708 consigner
286 1662 332 1696 ici
353 1677 359 1695 :

124 1723 344 1758 Calamellos
363 1722 499 1757 ibidem
521 1722 692 1765 mellitos,
717 1735 785 1767 per
811 1735 1027 1767 camporum
1044 1724 1238 1766 planitiem
1261 1723 1497 1758 abundanter

73 1790 253 1830 repertos,
283 1796 374 1830 quos
401 1789 539 1817 vocant
564 1794 687 1823 zuen,
719 1783 820 1816 suxit
847 1783 1024 1828 populus,
1049 1783 1195 1817 illorum
1221 1783 1366 1817 salubri
1388 1797 1494 1818 succo

72 1843 239 1882 loetcztus;
270 1848 303 1875 et
334 1843 403 1875 vix
427 1840 479 1874 ΜΖ
499 1842 729 1874 saturitatem
751 1852 831 1885 proe
861 1839 1058 1875 dulcedine
1089 1841 1234 1886 expleri
1255 1841 1322 1875 lcoc
1346 1848 1493 1887 gustato

70 1902 259 1936 volebant.
289 1901 368 1935 Hoc
399 1902 494 1934 enim
523 1913 639 1945 genus
669 1900 792 1933 herba?
822 1913 966 1935 summo
999 1901 1125 1935 labore
1153 1902 1401 1947 agricolarum
1427 1915 1494 1947 per

71 1961 237 2008 singulos
251 1960 431 1995 excolitur
443 1972 573 1993 annos.
591 1958 734 1994 Deinde
749 1965 910 2005 tempore
926 1962 1056 1994 messis
1072 1967 1257 1994 maturum
1270 1963 1493 1996 mortariolis

70 2021 256 2069 indigente
271 2019 516 2063 contundunt,
537 2032 684 2054 succum
700 2020 877 2054 collatum
894 2019 906 2064 (
918 2021 1233 2067 conglutinatum)
1250 2023 1286 2054 in
1300 2024 1403 2055 vasis
1417 2023 1492 2055 suis

70 2086 306 2127 reponentes,
325 2092 512 2126 quousque
525 2079 743 2125 coagulatus
759 2078 977 2114 indurescat
994 2080 1062 2114 sub
1081 2082 1199 2125 specie
1216 2082 1310 2114 nivis
1324 2081 1388 2114 vel
1402 2082 1491 2115 salis

69 2141 156 2175 albi.
183 2141 295 2187 Quem
315 2151 440 2174 rasum
463 2152 543 2173 cum
562 2145 650 2184 potu
673 2141 887 2181 miscentes,
914 2145 980 2173 aut
1003 2152 1085 2174 cum
1108 2152 1207 2186 aqua
1231 2146 1403 2182 terentes,
1423 2152 1490 2185 pro

67 2200 256 2245 pulmento
273 2205 438 2235 sumunt.
459 2203 494 2231 et
507 2197 761 2244 superfavum
779 2198 898 2231 mellis
915 2198 1153 2243 gustantibus
1170 2197 1276 2232 dulce
1288 2210 1330 2231 ac
1342 2198 1489 2231 salubre

69 2257 227 2293 videtur.
247 2259 365 2292 Aiunt
379 2257 530 2305 quidam
546 2270 662 2304 genus
686 2257 821 2300 mellis,
842 2257 944 2304 quod
959 2260 1148 2304 reperiens
1166 2257 1490 2302 Jonatlzan,filius

71 2317 166 2352 Saul
196 2319 314 2364 regis,
349 2329 461 2363 super
476 2316 622 2362 faciem
655 2323 763 2351 terroe
777 2345 784 2359 ,
819 2316 1033 2351 inobediens
1063 2324 1217 2364 gustare
1250 2319 1487 2363 praesumpsit

68 2378 120 2420 (I.
141 2377 235 2424 Reg.
257 2377 320 2420 26,
344 2388 399 2424 27,
422 2374 498 2421 45).
527 2375 593 2410 His
613 2388 700 2423 ergo
719 2377 925 2411 calamellis
949 2378 1081 2411 melliti
1101 2379 1244 2425 saporis
1267 2377 1426 2423 populus
1451 2378 1486 2410 in

68 2437 256 2472 obsidione
270 2437 454 2479 Albarice,
473 2437 616 2471 lilarrae
633 2442 667 2471 et
684 2436 853 2480 Arclzas,
875 2437 1030 2471 multum
1047 2437 1235 2474 horrenda
1243 2437 1355 2484 fame
1372 2449 1490 2471 ‘uera-⁵⁴

70 2502 145 2539 tus,
164 2502 218 2530 est
239 2496 478 2542 refocillatus.

115 2556 167 2599 (2)
187 2555 239 2590 Ce
258 2554 374 2602 prelat
395 2554 580 2602 s’appelait
602 2555 745 2598 Pierre,
767 2561 804 2589 et
822 2555 912 2590 etait
933 2556 1133 2603 originaire
1153 2555 1200 2590 de
1221 2554 1431 2589 Narbonae.
1454 2554 1484 2587 ll

66 2615 125 2650 sut
143 2617 242 2650 sacre
265 2628 330 2662 par
355 2615 388 2650 le
410 2616 616 2663 patriarche
637 2616 735 2650 Grec
760 2615 1004 2659 d’Antioche‚
1032 2618 1122 2652 Jean
1142 2616 1210 2659 IV,
1234 2614 1297 2662 qui
1316 2614 1408 2648 avait
1429 2614 1489 2647 ete

69 2675 142 2710 fort
164 2674 345 2710 maltraite
364 2688 430 2722 par
456 2675 507 2710 les
532 2676 650 2710 Turcs
676 2674 840 2722 pendant
865 2675 897 2710 le
922 2677 1037 2723 siege,
1064 2683 1102 2710 et
1122 2676 1205 2723 qui,
1234 2686 1304 2721 peu
1326 2672 1431 2719 apres
1450 2670 1485 2704 la

69 2734 166 2780 prise
192 2734 237 2769 de
258 2741 352 2769 cette
371 2734 471 2777 ville,
495 2747 540 2769 ne
559 2734 781 2770 s⁷accordant
804 2747 866 2782 pas
886 2747 970 2770 avec
994 2735 1044 2771 les
1070 2734 1255 2770 chretiens
1278 2732 1418 2771 Lafins,
1446 2739 1487 2763 se*

70 2794 180 2829 retii-a
200 2796 218 2828 a
236 2794 553 2841 Constantinople.
