2033 3445
62 376 177 422 [eiam
204 373 321 419 1090]
540 367 656 406 LlBE
664 367 692 404 R
722 366 968 403 OCTAVUS.
1390 369 1467 407 5325

58 468 280 514 verrunt,
317 457 468 520 longis
503 456 700 518 latisque
738 453 933 499 manicis
967 453 1021 499 ad
1063 455 1223 500 omnia
1262 454 1468 499 facienda

57 553 219 582 manus
252 534 502 597 operiunt,
530 543 575 578 et
608 531 677 578 his
701 530 1104 594 superfluitatibus
1127 531 1283 577 onusti
1310 531 1471 576 celeri-

58 624 128 659 ter
150 610 416 667 ambulare,
442 609 515 655 vel
541 607 719 672 aliquid
738 607 921 653 utiliter
944 607 1129 670 operari
1156 607 1234 652 vix
1254 617 1466 669 possunt.

57 687 280 751 Sincipite
303 686 503 733 scalciati
542 695 652 731 sunt
684 695 737 730 ut
767 685 890 730 sures
909 721 920 740 ‚
947 684 1148 746 occipite
1182 692 1336 729 autem
1362 699 1472 746 pro-

58 766 170 811 lixas
193 763 414 809 nutriunt
447 779 602 808 comas
621 772 673 807 ut
692 761 982 806 meretrices.
1007 760 1131 806 Olim
1156 759 1468 822 poenitentes,

58 851 102 886 et
122 840 269 901 capti,
298 856 350 885 ac
372 837 613 902 peregrini
644 837 869 882 usualiter
894 836 1069 882 intonsi
1102 845 1264 893 erant,
1291 835 1473 898 longas-

58 933 146 981 que
180 914 349 961 barbas
390 913 657 979 gestabant3
697 912 964 977 indicioque
998 913 1076 958 tali
1111 911 1471 975 poenitentiam,

60 1011 137 1040 seu
162 993 455 1056 captionem,
478 993 549 1039 vel
567 991 1002 1055 peregrinationem
1024 989 1343 1054 spectantibus
1358 1008 1477 1053 pra?-

63 1068 333 1116 tendebant.
362 1069 500 1115 Nunc
524 1085 637 1115 vero
662 1083 782 1131 pene
805 1067 1012 1113 universi
1039 1067 1289 1130 populares
1314 1066 1473 1112 cerriti

61 1158 167 1192 sunt
190 1157 236 1192 et
262 1145 528 1202 barbatuli,
557 1146 712 1209 palam
738 1144 1085 1190 manifestantes
1114 1145 1368 1207 specimine
1396 1144 1473 1190 tali

60 1222 185 1288 quod
223 1223 443 1270 sordibus
480 1222 691 1269 libidinis
723 1222 952 1287 gaudent,
996 1233 1046 1268 ut
1085 1223 1304 1268 foetentes
1335 1221 1470 1267 hirci.

60 1301 277 1365 Crispant
311 1302 462 1348 crines
499 1301 782 1347 calamistro.
828 1301 977 1363 Caput
1009 1301 1168 1346 velant
1207 1301 1347 1355 vitta,
1377 1301 1475 1345 sine

12 1370 14 1376 ’
61 1379 201 1442 pileo.
239 1379 331 1426 Vix
367 1380 534 1443 aliquis
575 1379 856 1425 militarium
889 1377 1103 1442 procedit
1140 1379 1187 1424 in
1232 1377 1476 1441 publicum

61 1457 209 1520 capite
246 1456 573 1520 discooperto,
620 1457 922 1521 legitimeque
965 1455 1223 1502 secundum
1276 1455 1473 1518 apostoli

60 1545 349 1598 praeceptum
368 1545 506 1580 tonso
534 1535 553 1597 <
563 1537 621 1597 1).
645 1535 868 1579 Exterius
895 1535 1050 1597 itaque
1070 1533 1234 1578 habitu
1251 1544 1476 1596 gestuque

61 1622 352 1669 monstrant,
397 1612 556 1676 quales
593 1611 787 1657 interius
821 1611 1128 1658 conscientias
1162 1609 1391 1665 habeant,
1430 1621 1477 1655 et

62 1690 262 1753 qualiter
281 1706 366 1752 per
385 1700 568 1736 arctum
588 1689 660 1735 cul
669 1700 768 1735 tum.
793 1688 848 1734 ad
873 1689 1024 1734 Deum
1043 1698 1341 1752 percurrant.

126 1767 388 1812 Altissimus
417 1768 561 1830 igitur
596 1766 772 1820 Judex,
801 1777 846 1811 et
871 1765 1058 1811 sublimi
1094 1764 1301 1810 residens
1327 1765 1470 1820 solio,

63 1844 184 1908 qnod
218 1845 415 1890 nimium
454 1844 641 1908 flagitiis
671 1844 871 1889 inhaeret
903 1844 1104 1888 humana
1142 1843 1367 1898 intentio,
1395 1860 1476 1905 po-

63 1922 221 1985 pulum
251 1921 538 1968 ineruditum
555 1959 567 1979 ,
595 1921 878 1985 plebemque
900 1920 1293 1982 indisciplinatam
1320 1919 1476 1965 multi-

64 1999 169 2061 plici
191 1999 396 2062 percutit
416 1998 619 2061 flagello.
644 1998 827 2044 Morbis
851 1999 977 2044 enim
998 1998 1250 2052 macerari,
1271 2007 1317 2042 et
1341 1996 1474 2042 bellis

66 2075 312 2139 inquietari
354 2076 612 2140 terrigenas
649 2075 906 2138 permittit,
936 2074 1329 2137 hypocriticisque
1356 2091 1475 2136 prae-

64 2151 234 2198 sidibus
271 2152 482 2217 subjicit,
520 2169 638 2217 quos
678 2151 764 2198 sibi
801 2151 1089 2206 contrarios,
1132 2167 1320 2215 suaeque
1360 2151 1474 2214 legis

64 2240 342 2292 spontaneos
380 2229 767 2293 praevaricatores
810 2230 1048 2292 perspicit.
1095 2229 1243 2275 Electi
1289 2238 1470 2285 autem,

65 2307 140 2370 qui
168 2308 266 2354 zelo
295 2306 490 2355 Phinees
512 2307 886 2363 inflammantur,
911 2307 1035 2352 inter
1059 2304 1288 2370 reprobos
1303 2304 1473 2352 crebro

68 2383 346 2439 irascuntur,
376 2402 426 2431 ac
451 2384 506 2430 ad
524 2385 783 2431 Dominum
802 2401 910 2429 cum
928 2383 1158 2446 propheta
1179 2399 1474 2445 conquerun-

112 2570 160 2614 (1)
179 2571 247 2604 Les
261 2582 426 2617 passages
444 2572 616 2618 auxqucls
635 2579 739 2605 notre
761 2578 889 2605 auteur
910 2572 972 2605 fait
992 2570 1143 2605 allusion
1166 2577 1244 2603 sont
1266 2570 1408 2603 ceux-ci
1428 2569 1471 2601 (lc

67 2625 98 2660 la
118 2627 297 2672 premiere
317 2629 432 2674 ‹Epitrc
454 2642 519 2663 aux
539 2630 794 2671 Corinthiens,
818 2630 921 2676 chap.
943 2642 974 2663 xi
996 2646 1000 2662 1

115 2697 146 2719 ¹2.
166 2687 246 2721 lVec
263 2690 343 2732 [lma
363 2696 495 2723 aalma
517 2690 620 2723 docet
642 2704 707 2723 νος
730 2690 829 2735 quod
847 2692 904 2723 vir
925 2689 1086 2735 (lnidt'ms,
1113 2702 1136 2720 t!
1157 2701 1294 2722 comam
1317 2689 1468 2720 undrim.

70 2746 265 2789 ignominia
280 2755 332 2780 cst
354 2749 408 2781 illi
419 2751 433 2780 ζ’

120 2817 146 2836 1.
177 2805 404 2851 Virqm'aelcm
430 2822 498 2841 nme
527 2809 632 2842 alelwt
663 2810 784 2842 mlarn
812 2816 920 2852 rapit!
953 2823 1068 2844 (ιιιιιη,
1097 2822 1265 2854 quomam
1295 2810 1414 2850 [1111ng
1441 2819 1469 2840 1,ss

71 2864 184 2905 glot-m
208 2866 271 2899 Dc!
292 2874 344 2899 erl
