<?xml version="1.0" encoding="UTF-8"?>
<!DOCTYPE html PUBLIC "-//W3C//DTD XHTML 1.0 Transitional//EN"
    "http://www.w3.org/TR/xhtml1/DTD/xhtml1-transitional.dtd">
<html xmlns="http://www.w3.org/1999/xhtml" xml:lang="en" lang="en">
 <head>
  <title>
</title>
<meta http-equiv="Content-Type" content="text/html;charset=utf-8" />
  <meta name='ocr-system' content='tesseract 3.04.00' />
  <meta name='ocr-capabilities' content='ocr_page ocr_carea ocr_par ocr_line ocrx_word'/>
</head>
<body>
  <div class='ocr_page' id='page_1' title='image "./ordericivitalish03ordeuoft/ordericivitalish03ordeuoft_0621.png"; bbox 0 0 2033 3445; ppageno 0'>
   <div class='ocr_carea' id='block_1_1' title="bbox 81 279 1492 332">
    <p class='ocr_par' dir='ltr' id='par_1_1' title="bbox 81 279 1492 332">
     <span class='ocr_line' id='line_1_1' title="bbox 81 279 1492 332; baseline 0.003 -13"><span class='ocrx_word' id='word_1_1' title='bbox 81 284 191 332; x_wconf 72' lang='grc' dir='ltr'>[ΜΑιο</span> <span class='ocrx_word' id='word_1_2' title='bbox 213 283 335 330; x_wconf 84' lang='grc'>1097]</span> <span class='ocrx_word' id='word_1_3' title='bbox 608 279 762 317; x_wconf 86' lang='lat' dir='ltr'>LIBER</span> <span class='ocrx_word' id='word_1_4' title='bbox 792 279 971 318; x_wconf 70' lang='lat' dir='ltr'><strong>NONUS.</strong></span> <span class='ocrx_word' id='word_1_5' title='bbox 1418 287 1492 324; x_wconf 82' lang='lat'>501</span> 
     </span>
    </p>
   </div>
   <div class='ocr_carea' id='block_1_2' title="bbox 50 364 1501 2518">
    <p class='ocr_par' dir='ltr' id='par_1_2' title="bbox 50 364 1501 2518">
     <span class='ocr_line' id='line_1_2' title="bbox 84 364 1495 432; baseline 0.001 -17"><span class='ocrx_word' id='word_1_6' title='bbox 84 368 395 432; x_wconf 83' lang='lat' dir='ltr'>tentoriisque</span> <span class='ocrx_word' id='word_1_7' title='bbox 419 364 785 413; x_wconf 85' lang='lat' dir='ltr'>occidentalium</span> <span class='ocrx_word' id='word_1_8' title='bbox 805 366 990 421; x_wconf 77' lang='lat' dir='ltr'>locati5‚</span> <span class='ocrx_word' id='word_1_9' title='bbox 1018 366 1199 414; x_wconf 86' lang='lat' dir='ltr'>obsessa</span> <span class='ocrx_word' id='word_1_10' title='bbox 1225 380 1291 416; x_wconf 85' lang='lat' dir='ltr'>est</span> <span class='ocrx_word' id='word_1_11' title='bbox 1315 371 1495 428; x_wconf 81' lang='lat' dir='ltr'>Nicaea,</span> 
     </span>
     <span class='ocr_line' id='line_1_3' title="bbox 85 443 1499 512; baseline 0.003 -20"><span class='ocrx_word' id='word_1_12' title='bbox 85 447 227 492; x_wconf 88' lang='lat' dir='ltr'>totius</span> <span class='ocrx_word' id='word_1_13' title='bbox 245 445 489 491; x_wconf 81' lang='lat' dir='ltr'>Romaniae</span> <span class='ocrx_word' id='word_1_14' title='bbox 510 455 672 507; x_wconf 88' lang='lat' dir='ltr'>caput,</span> <span class='ocrx_word' id='word_1_15' title='bbox 690 443 806 490; x_wconf 88' lang='lat' dir='ltr'>urbs</span> <span class='ocrx_word' id='word_1_16' title='bbox 823 444 1156 503; x_wconf 77' lang='lat' dir='ltr'>munitissima,</span> <span class='ocrx_word' id='word_1_17' title='bbox 1175 457 1338 510; x_wconf 83' lang='lat' dir='ltr'>utpote</span> <span class='ocrx_word' id='word_1_18' title='bbox 1357 466 1499 512; x_wconf 89' lang='lat' dir='ltr'>quam</span> 
     </span>
     <span class='ocr_line' id='line_1_4' title="bbox 83 519 1499 587; baseline 0.003 -19"><span class='ocrx_word' id='word_1_19' title='bbox 83 521 387 569; x_wconf 74' lang='lat' dir='ltr'>ostentabant</span> <span class='ocrx_word' id='word_1_20' title='bbox 410 519 827 584; x_wconf 80' lang='lat' dir='ltr'>inexpugnabilem</span> <span class='ocrx_word' id='word_1_21' title='bbox 853 537 972 576; x_wconf 86' lang='lat' dir='ltr'>esse,</span> <span class='ocrx_word' id='word_1_22' title='bbox 1001 522 1046 566; x_wconf 87' lang='lat' dir='ltr'>in</span> <span class='ocrx_word' id='word_1_23' title='bbox 1079 523 1256 569; x_wconf 85' lang='lat' dir='ltr'>coelum</span> <span class='ocrx_word' id='word_1_24' title='bbox 1283 537 1499 587; x_wconf 85' lang='lat' dir='ltr'>porrecta</span> 
     </span>
     <span class='ocr_line' id='line_1_5' title="bbox 82 597 1501 662; baseline 0.002 -17"><span class='ocrx_word' id='word_1_25' title='bbox 82 599 284 654; x_wconf 83' lang='lat' dir='ltr'>moenia,</span> <span class='ocrx_word' id='word_1_26' title='bbox 313 600 532 662; x_wconf 78' lang='lat' dir='ltr'>lacusque</span> <span class='ocrx_word' id='word_1_27' title='bbox 557 597 769 661; x_wconf 80' lang='lat' dir='ltr'>adjacens</span> <span class='ocrx_word' id='word_1_28' title='bbox 793 599 889 661; x_wconf 77' lang='grc' dir='ltr'>(ι),</span> <span class='ocrx_word' id='word_1_29' title='bbox 917 598 1155 644; x_wconf 83' lang='lat' dir='ltr'>civitatem</span> <span class='ocrx_word' id='word_1_30' title='bbox 1181 617 1203 644; x_wconf 85' lang='lat' dir='ltr'>a</span> <span class='ocrx_word' id='word_1_31' title='bbox 1226 601 1371 648; x_wconf 78' lang='lat' dir='ltr'>latere</span> <span class='ocrx_word' id='word_1_32' title='bbox 1395 603 1501 648; x_wconf 88' lang='lat' dir='ltr'>cin-</span> 
     </span>
     <span class='ocr_line' id='line_1_6' title="bbox 83 675 1497 742; baseline 0.001 -19"><span class='ocrx_word' id='word_1_33' title='bbox 83 694 213 742; x_wconf 86' lang='lat' dir='ltr'>gens.</span> <span class='ocrx_word' id='word_1_34' title='bbox 242 679 294 722; x_wconf 91' lang='lat' dir='ltr'>ln</span> <span class='ocrx_word' id='word_1_35' title='bbox 320 677 487 740; x_wconf 88' lang='lat' dir='ltr'>primis</span> <span class='ocrx_word' id='word_1_36' title='bbox 519 675 581 721; x_wconf 91' lang='lat' dir='ltr'>ibi</span> <span class='ocrx_word' id='word_1_37' title='bbox 612 687 707 720; x_wconf 88' lang='lat' dir='ltr'>tam</span> <span class='ocrx_word' id='word_1_38' title='bbox 741 675 1010 721; x_wconf 87' lang='lat' dir='ltr'>calamitosa</span> <span class='ocrx_word' id='word_1_39' title='bbox 1038 676 1127 722; x_wconf 81' lang='lat' dir='ltr'>fuit</span> <span class='ocrx_word' id='word_1_40' title='bbox 1156 677 1312 740; x_wconf 82' lang='lat' dir='ltr'>inopia</span> <span class='ocrx_word' id='word_1_41' title='bbox 1338 679 1497 741; x_wconf 85' lang='lat' dir='ltr'>panis,</span> 
     </span>
     <span class='ocr_line' id='line_1_7' title="bbox 80 751 1498 818; baseline 0.001 -19"><span class='ocrx_word' id='word_1_42' title='bbox 80 765 333 818; x_wconf 79' lang='lat' dir='ltr'>antequam</span> <span class='ocrx_word' id='word_1_43' title='bbox 357 762 592 798; x_wconf 81' lang='lat' dir='ltr'>mercatus</span> <span class='ocrx_word' id='word_1_44' title='bbox 629 751 688 796; x_wconf 86' lang='lat' dir='ltr'>ab</span> <span class='ocrx_word' id='word_1_45' title='bbox 720 753 1007 814; x_wconf 77' lang='lat' dir='ltr'>imperatore</span> <span class='ocrx_word' id='word_1_46' title='bbox 1033 751 1340 817; x_wconf 77' lang='lat' dir='ltr'>dirigeretur,</span> <span class='ocrx_word' id='word_1_47' title='bbox 1376 765 1429 800; x_wconf 83' lang='lat' dir='ltr'>ut</span> <span class='ocrx_word' id='word_1_48' title='bbox 1463 756 1498 800; x_wconf 89' lang='lat' dir='ltr'>si</span> 
     </span>
     <span class='ocr_line' id='line_1_8' title="bbox 79 829 1499 896; baseline 0.001 -19"><span class='ocrx_word' id='word_1_49' title='bbox 79 830 270 894; x_wconf 84' lang='lat' dir='ltr'>quando</span> <span class='ocrx_word' id='word_1_50' title='bbox 307 848 427 876; x_wconf 86' lang='lat' dir='ltr'>unus</span> <span class='ocrx_word' id='word_1_51' title='bbox 460 831 595 893; x_wconf 85' lang='lat' dir='ltr'>panis</span> <span class='ocrx_word' id='word_1_52' title='bbox 627 829 975 887; x_wconf 65' lang='lat' dir='ltr'>inveniebatur,</span> <span class='ocrx_word' id='word_1_53' title='bbox 1006 831 1174 895; x_wconf 75' lang='lat' dir='ltr'>viginti</span> <span class='ocrx_word' id='word_1_54' title='bbox 1206 832 1280 878; x_wconf 84' lang='lat' dir='ltr'>vel</span> <span class='ocrx_word' id='word_1_55' title='bbox 1305 832 1499 896; x_wconf 82' lang='lat' dir='ltr'>triginta</span> 
     </span>
     <span class='ocr_line' id='line_1_9' title="bbox 50 898 1499 971; baseline 0.001 -17"><span class='ocrx_word' id='word_1_56' title='bbox 50 908 281 955; x_wconf 77' lang='lat' dir='ltr'>‘denariis</span> <span class='ocrx_word' id='word_1_57' title='bbox 303 898 558 955; x_wconf 86' lang='lat' dir='ltr'>emeretur.</span> <span class='ocrx_word' id='word_1_58' title='bbox 589 906 677 952; x_wconf 85' lang='lat' dir='ltr'>Sed</span> <span class='ocrx_word' id='word_1_59' title='bbox 697 908 796 954; x_wconf 90' lang='lat' dir='ltr'>Deo</span> <span class='ocrx_word' id='word_1_60' title='bbox 825 906 883 953; x_wconf 80' lang='lat' dir='ltr'>de</span> <span class='ocrx_word' id='word_1_61' title='bbox 912 908 1003 953; x_wconf 91' lang='lat' dir='ltr'>suis</span> <span class='ocrx_word' id='word_1_62' title='bbox 1036 920 1350 971; x_wconf 80' lang='lat' dir='ltr'>procurante,</span> <span class='ocrx_word' id='word_1_63' title='bbox 1379 926 1499 956; x_wconf 88' lang='lat' dir='ltr'>con-</span> 
     </span>
     <span class='ocr_line' id='line_1_10' title="bbox 74 985 1499 1052; baseline 0.001 -21"><span class='ocrx_word' id='word_1_64' title='bbox 74 987 227 1032; x_wconf 70' lang='lat' dir='ltr'>festim</span> <span class='ocrx_word' id='word_1_65' title='bbox 250 985 554 1032; x_wconf 79' lang='lat' dir='ltr'>Boamundus</span> <span class='ocrx_word' id='word_1_66' title='bbox 577 985 734 1041; x_wconf 72' lang='lat' dir='ltr'>venit,</span> <span class='ocrx_word' id='word_1_67' title='bbox 765 996 811 1030; x_wconf 86' lang='lat' dir='ltr'>et</span> <span class='ocrx_word' id='word_1_68' title='bbox 844 987 1087 1048; x_wconf 85' lang='lat' dir='ltr'>copiosum</span> <span class='ocrx_word' id='word_1_69' title='bbox 1124 997 1248 1033; x_wconf 87' lang='lat' dir='ltr'>terra</span> <span class='ocrx_word' id='word_1_70' title='bbox 1282 989 1499 1052; x_wconf 85' lang='lat' dir='ltr'>marique</span> 
     </span>
     <span class='ocr_line' id='line_1_11' title="bbox 73 1062 1498 1127; baseline 0.001 -17"><span class='ocrx_word' id='word_1_71' title='bbox 73 1064 334 1110; x_wconf 85' lang='lat' dir='ltr'>exercitum</span> <span class='ocrx_word' id='word_1_72' title='bbox 360 1062 570 1109; x_wconf 84' lang='lat' dir='ltr'>deduxit.</span> <span class='ocrx_word' id='word_1_73' title='bbox 599 1063 796 1126; x_wconf 86' lang='lat' dir='ltr'>Inopina</span> <span class='ocrx_word' id='word_1_74' title='bbox 826 1064 982 1127; x_wconf 86' lang='lat' dir='ltr'>itaque</span> <span class='ocrx_word' id='word_1_75' title='bbox 1004 1064 1279 1110; x_wconf 55' lang='lat' dir='ltr'>victualium</span> <span class='ocrx_word' id='word_1_76' title='bbox 1308 1063 1498 1111; x_wconf 85' lang='lat' dir='ltr'>ubertas</span> 
     </span>
     <span class='ocr_line' id='line_1_12' title="bbox 72 1140 1497 1204; baseline 0.001 -18"><span class='ocrx_word' id='word_1_77' title='bbox 72 1151 270 1204; x_wconf 89' lang='lat' dir='ltr'>repente</span> <span class='ocrx_word' id='word_1_78' title='bbox 296 1142 412 1186; x_wconf 75' lang='lat' dir='ltr'>sacta</span> <span class='ocrx_word' id='word_1_79' title='bbox 447 1151 514 1187; x_wconf 89' lang='lat' dir='ltr'>est</span> <span class='ocrx_word' id='word_1_80' title='bbox 540 1140 587 1186; x_wconf 87' lang='lat' dir='ltr'>in</span> <span class='ocrx_word' id='word_1_81' title='bbox 614 1151 709 1186; x_wconf 88' lang='lat' dir='ltr'>tota</span> <span class='ocrx_word' id='word_1_82' title='bbox 738 1140 909 1185; x_wconf 84' lang='lat' dir='ltr'>Christi</span> <span class='ocrx_word' id='word_1_83' title='bbox 936 1141 1122 1186; x_wconf 86' lang='lat' dir='ltr'>militia.</span> <span class='ocrx_word' id='word_1_84' title='bbox 1154 1142 1208 1187; x_wconf 89' lang='lat' dir='ltr'>In</span> <span class='ocrx_word' id='word_1_85' title='bbox 1242 1140 1317 1188; x_wconf 86' lang='lat' dir='ltr'>die</span> <span class='ocrx_word' id='word_1_86' title='bbox 1340 1153 1497 1188; x_wconf 88' lang='lat' dir='ltr'>autem</span> 
     </span>
     <span class='ocr_line' id='line_1_13' title="bbox 71 1218 1497 1283; baseline 0.002 -20"><span class='ocrx_word' id='word_1_87' title='bbox 71 1218 336 1264; x_wconf 84' lang='lat' dir='ltr'>Dominicae</span> <span class='ocrx_word' id='word_1_88' title='bbox 362 1218 661 1264; x_wconf 85' lang='lat' dir='ltr'>Ascensionis</span> <span class='ocrx_word' id='word_1_89' title='bbox 686 1219 755 1280; x_wconf 72' lang='lat'>(2)</span> <span class='ocrx_word' id='word_1_90' title='bbox 780 1219 981 1281; x_wconf 78' lang='lat' dir='ltr'>aggressi</span> <span class='ocrx_word' id='word_1_91' title='bbox 1018 1229 1127 1264; x_wconf 90' lang='lat' dir='ltr'>sunt</span> <span class='ocrx_word' id='word_1_92' title='bbox 1152 1218 1322 1265; x_wconf 87' lang='lat' dir='ltr'>urbem</span> <span class='ocrx_word' id='word_1_93' title='bbox 1346 1237 1497 1283; x_wconf 85' lang='lat' dir='ltr'>expu-</span> 
     </span>
     <span class='ocr_line' id='line_1_14' title="bbox 75 1294 1496 1358; baseline 0.002 -19"><span class='ocrx_word' id='word_1_94' title='bbox 75 1311 247 1358; x_wconf 86' lang='lat' dir='ltr'>gnare,</span> <span class='ocrx_word' id='word_1_95' title='bbox 273 1305 318 1340; x_wconf 90' lang='lat' dir='ltr'>et</span> <span class='ocrx_word' id='word_1_96' title='bbox 340 1295 516 1358; x_wconf 82' lang='lat' dir='ltr'>ligneas</span> <span class='ocrx_word' id='word_1_97' title='bbox 539 1305 705 1340; x_wconf 86' lang='lat' dir='ltr'>contra</span> <span class='ocrx_word' id='word_1_98' title='bbox 730 1295 964 1340; x_wconf 81' lang='lat' dir='ltr'>muralem</span> <span class='ocrx_word' id='word_1_99' title='bbox 988 1294 1287 1341; x_wconf 79' lang='lat' dir='ltr'>altitudinem</span> <span class='ocrx_word' id='word_1_100' title='bbox 1313 1296 1496 1342; x_wconf 87' lang='lat' dir='ltr'>machi-</span> 
     </span>
     <span class='ocr_line' id='line_1_15' title="bbox 75 1369 1496 1434; baseline 0.002 -18"><span class='ocrx_word' id='word_1_101' title='bbox 75 1388 157 1416; x_wconf 86' lang='lat' dir='ltr'>nas</span> <span class='ocrx_word' id='word_1_102' title='bbox 181 1370 381 1434; x_wconf 84' lang='lat' dir='ltr'>erigere.</span> <span class='ocrx_word' id='word_1_103' title='bbox 411 1371 501 1416; x_wconf 89' lang='lat' dir='ltr'>Per</span> <span class='ocrx_word' id='word_1_104' title='bbox 520 1369 637 1416; x_wconf 90' lang='lat' dir='ltr'>duos</span> <span class='ocrx_word' id='word_1_105' title='bbox 658 1370 803 1434; x_wconf 88' lang='lat' dir='ltr'>igitur</span> <span class='ocrx_word' id='word_1_106' title='bbox 826 1369 922 1417; x_wconf 81' lang='lat' dir='ltr'>dies</span> <span class='ocrx_word' id='word_1_107' title='bbox 946 1371 1120 1416; x_wconf 88' lang='lat' dir='ltr'>acriter</span> <span class='ocrx_word' id='word_1_108' title='bbox 1143 1371 1412 1418; x_wconf 78' lang='lat' dir='ltr'>infestantes</span> <span class='ocrx_word' id='word_1_109' title='bbox 1435 1373 1496 1419; x_wconf 89' lang='lat' dir='ltr'>ci-</span> 
     </span>
     <span class='ocr_line' id='line_1_16' title="bbox 74 1447 1492 1514; baseline 0.002 -22"><span class='ocrx_word' id='word_1_110' title='bbox 74 1447 296 1502; x_wconf 85' lang='lat' dir='ltr'>vitatem,</span> <span class='ocrx_word' id='word_1_111' title='bbox 330 1448 486 1493; x_wconf 86' lang='lat' dir='ltr'>conati</span> <span class='ocrx_word' id='word_1_112' title='bbox 512 1458 622 1493; x_wconf 89' lang='lat' dir='ltr'>sunt</span> <span class='ocrx_word' id='word_1_113' title='bbox 645 1447 851 1493; x_wconf 77' lang='lat' dir='ltr'>effodere</span> <span class='ocrx_word' id='word_1_114' title='bbox 885 1465 1095 1493; x_wconf 87' lang='lat' dir='ltr'>murum.</span> <span class='ocrx_word' id='word_1_115' title='bbox 1138 1448 1372 1507; x_wconf 82' lang='lat' dir='ltr'>Gentiles,</span> <span class='ocrx_word' id='word_1_116' title='bbox 1411 1451 1492 1514; x_wconf 88' lang='lat' dir='ltr'>qui</span> 
     </span>
     <span class='ocr_line' id='line_1_17' title="bbox 73 1524 1495 1588; baseline 0.003 -19"><span class='ocrx_word' id='word_1_117' title='bbox 73 1524 199 1570; x_wconf 89' lang='lat' dir='ltr'>intus</span> <span class='ocrx_word' id='word_1_118' title='bbox 224 1535 384 1579; x_wconf 84' lang='lat' dir='ltr'>erant,</span> <span class='ocrx_word' id='word_1_119' title='bbox 409 1541 432 1570; x_wconf 93' lang='lat' dir='ltr'>e</span> <span class='ocrx_word' id='word_1_120' title='bbox 453 1534 617 1570; x_wconf 87' lang='lat' dir='ltr'>contra</span> <span class='ocrx_word' id='word_1_121' title='bbox 642 1525 847 1570; x_wconf 82' lang='lat' dir='ltr'>viriliter</span> <span class='ocrx_word' id='word_1_122' title='bbox 873 1526 1069 1580; x_wconf 86' lang='lat' dir='ltr'>instare,</span> <span class='ocrx_word' id='word_1_123' title='bbox 1095 1543 1257 1571; x_wconf 89' lang='lat' dir='ltr'>muros</span> <span class='ocrx_word' id='word_1_124' title='bbox 1285 1533 1495 1588; x_wconf 83' lang='lat' dir='ltr'>penates-</span> 
     </span>
     <span class='ocr_line' id='line_1_18' title="bbox 73 1601 1494 1667; baseline 0.001 -20"><span class='ocrx_word' id='word_1_125' title='bbox 73 1618 164 1665; x_wconf 89' lang='lat' dir='ltr'>que</span> <span class='ocrx_word' id='word_1_126' title='bbox 196 1618 303 1648; x_wconf 86' lang='lat' dir='ltr'>suos</span> <span class='ocrx_word' id='word_1_127' title='bbox 336 1619 504 1665; x_wconf 84' lang='lat' dir='ltr'>magna</span> <span class='ocrx_word' id='word_1_128' title='bbox 528 1602 572 1647; x_wconf 83' lang='lat' dir='ltr'>vi</span> <span class='ocrx_word' id='word_1_129' title='bbox 598 1601 862 1655; x_wconf 75' lang='lat' dir='ltr'>defensare,</span> <span class='ocrx_word' id='word_1_130' title='bbox 904 1601 1077 1665; x_wconf 86' lang='lat' dir='ltr'>lapides</span> <span class='ocrx_word' id='word_1_131' title='bbox 1100 1613 1147 1648; x_wconf 88' lang='lat' dir='ltr'>et</span> <span class='ocrx_word' id='word_1_132' title='bbox 1179 1603 1354 1667; x_wconf 87' lang='lat' dir='ltr'>spicula</span> <span class='ocrx_word' id='word_1_133' title='bbox 1380 1603 1494 1649; x_wconf 85' lang='lat' dir='ltr'>diri-</span> 
     </span>
     <span class='ocr_line' id='line_1_19' title="bbox 71 1679 1486 1743; baseline 0.002 -18"><span class='ocrx_word' id='word_1_134' title='bbox 71 1695 204 1743; x_wconf 83' lang='lat' dir='ltr'>gere,</span> <span class='ocrx_word' id='word_1_135' title='bbox 231 1679 402 1742; x_wconf 85' lang='lat' dir='ltr'>clypeis</span> <span class='ocrx_word' id='word_1_136' title='bbox 427 1696 474 1725; x_wconf 88' lang='lat' dir='ltr'>se</span> <span class='ocrx_word' id='word_1_137' title='bbox 512 1690 788 1743; x_wconf 82' lang='lat' dir='ltr'>protegere,</span> <span class='ocrx_word' id='word_1_138' title='bbox 816 1691 863 1726; x_wconf 87' lang='lat' dir='ltr'>et</span> <span class='ocrx_word' id='word_1_139' title='bbox 898 1681 1249 1743; x_wconf 79' lang='lat' dir='ltr'>supervenienti</span> <span class='ocrx_word' id='word_1_140' title='bbox 1285 1682 1486 1728; x_wconf 85' lang='lat' dir='ltr'>telorum</span> 
     </span>
     <span class='ocr_line' id='line_1_20' title="bbox 71 1755 1487 1821; baseline 0.002 -19"><span class='ocrx_word' id='word_1_141' title='bbox 71 1755 238 1803; x_wconf 87' lang='lat' dir='ltr'>nimbo</span> <span class='ocrx_word' id='word_1_142' title='bbox 261 1756 483 1803; x_wconf 81' lang='lat' dir='ltr'>audacter</span> <span class='ocrx_word' id='word_1_143' title='bbox 502 1774 547 1803; x_wconf 89' lang='lat' dir='ltr'>se</span> <span class='ocrx_word' id='word_1_144' title='bbox 568 1774 828 1820; x_wconf 78' lang='lat' dir='ltr'>opponere.</span> <span class='ocrx_word' id='word_1_145' title='bbox 855 1757 895 1802; x_wconf 91' lang='lat' dir='ltr'>E</span> <span class='ocrx_word' id='word_1_146' title='bbox 919 1758 1112 1821; x_wconf 82' lang='lat' dir='ltr'>regione</span> <span class='ocrx_word' id='word_1_147' title='bbox 1133 1757 1254 1803; x_wconf 79' lang='lat' dir='ltr'>Galli</span> <span class='ocrx_word' id='word_1_148' title='bbox 1278 1758 1397 1805; x_wconf 89' lang='lat' dir='ltr'>nihil</span> <span class='ocrx_word' id='word_1_149' title='bbox 1422 1761 1487 1805; x_wconf 89' lang='lat' dir='ltr'>in-</span> 
     </span>
     <span class='ocr_line' id='line_1_21' title="bbox 72 1834 1486 1899; baseline 0.002 -20"><span class='ocrx_word' id='word_1_150' title='bbox 72 1843 304 1880; x_wconf 84' lang='lat' dir='ltr'>tentatum</span> <span class='ocrx_word' id='word_1_151' title='bbox 325 1834 620 1899; x_wconf 89' lang='lat' dir='ltr'>relinquere,</span> <span class='ocrx_word' id='word_1_152' title='bbox 646 1845 977 1881; x_wconf 85' lang='lat' dir='ltr'>consertorum</span> <span class='ocrx_word' id='word_1_153' title='bbox 996 1834 1228 1881; x_wconf 84' lang='lat' dir='ltr'>testudine</span> <span class='ocrx_word' id='word_1_154' title='bbox 1246 1847 1486 1882; x_wconf 87' lang='lat' dir='ltr'>scutorum</span> 
     </span>
     <span class='ocr_line' id='line_1_22' title="bbox 70 1912 1489 1976; baseline 0.002 -19"><span class='ocrx_word' id='word_1_155' title='bbox 70 1928 118 1958; x_wconf 91' lang='lat' dir='ltr'>se</span> <span class='ocrx_word' id='word_1_156' title='bbox 149 1913 408 1969; x_wconf 82' lang='lat' dir='ltr'>occultare,</span> <span class='ocrx_word' id='word_1_157' title='bbox 437 1924 484 1959; x_wconf 89' lang='lat' dir='ltr'>et</span> <span class='ocrx_word' id='word_1_158' title='bbox 507 1913 571 1959; x_wconf 86' lang='lat' dir='ltr'>sic</span> <span class='ocrx_word' id='word_1_159' title='bbox 591 1913 854 1976; x_wconf 84' lang='lat' dir='ltr'>jaculorum</span> <span class='ocrx_word' id='word_1_160' title='bbox 882 1913 1147 1976; x_wconf 83' lang='lat' dir='ltr'>ingruentia</span> <span class='ocrx_word' id='word_1_161' title='bbox 1181 1912 1415 1971; x_wconf 82' lang='lat' dir='ltr'>devitare,</span> <span class='ocrx_word' id='word_1_162' title='bbox 1442 1926 1489 1960; x_wconf 91' lang='lat' dir='ltr'>et</span> 
     </span>
     <span class='ocr_line' id='line_1_23' title="bbox 70 1989 1482 2052; baseline 0.001 -17"><span class='ocrx_word' id='word_1_163' title='bbox 70 2005 280 2052; x_wconf 84' lang='lat' dir='ltr'>persaepe</span> <span class='ocrx_word' id='word_1_164' title='bbox 312 1989 578 2036; x_wconf 79' lang='lat' dir='ltr'>fatiscentes</span> <span class='ocrx_word' id='word_1_165' title='bbox 601 1989 810 2035; x_wconf 88' lang='lat' dir='ltr'>obsessos</span> <span class='ocrx_word' id='word_1_166' title='bbox 835 1990 1075 2035; x_wconf 87' lang='lat' dir='ltr'>lacessere.</span> <span class='ocrx_word' id='word_1_167' title='bbox 1105 1989 1237 2036; x_wconf 74' lang='lat' dir='ltr'>Cives</span> <span class='ocrx_word' id='word_1_168' title='bbox 1263 1990 1482 2048; x_wconf 82' lang='lat' dir='ltr'>interim,</span> 
     </span>
     <span class='ocr_line' id='line_1_24' title="bbox 69 2067 1487 2133; baseline 0.001 -21"><span class='ocrx_word' id='word_1_169' title='bbox 69 2067 219 2113; x_wconf 90' lang='lat' dir='ltr'>missis</span> <span class='ocrx_word' id='word_1_170' title='bbox 237 2068 448 2124; x_wconf 88' lang='lat' dir='ltr'>nunciis,</span> <span class='ocrx_word' id='word_1_171' title='bbox 474 2087 494 2113; x_wconf 89' lang='lat' dir='ltr'>a</span> <span class='ocrx_word' id='word_1_172' title='bbox 523 2067 875 2114; x_wconf 86' lang='lat' dir='ltr'>contribulibus</span> <span class='ocrx_word' id='word_1_173' title='bbox 897 2067 988 2113; x_wconf 82' lang='lat' dir='ltr'>suis</span> <span class='ocrx_word' id='word_1_174' title='bbox 1013 2077 1058 2113; x_wconf 85' lang='lat' dir='ltr'>et</span> <span class='ocrx_word' id='word_1_175' title='bbox 1082 2067 1295 2113; x_wconf 80' lang='lat' dir='ltr'>affinibus</span> <span class='ocrx_word' id='word_1_176' title='bbox 1311 2067 1487 2133; x_wconf 81' lang='lat' dir='ltr'>adjuto-</span> 
     </span>
     <span class='ocr_line' id='line_1_25' title="bbox 67 2144 1486 2209; baseline 0.001 -19"><span class='ocrx_word' id='word_1_177' title='bbox 67 2144 194 2190; x_wconf 79' lang='lat' dir='ltr'>rium</span> <span class='ocrx_word' id='word_1_178' title='bbox 230 2156 580 2203; x_wconf 82' lang='lat' dir='ltr'>convocarunt,</span> <span class='ocrx_word' id='word_1_179' title='bbox 624 2144 865 2191; x_wconf 84' lang='lat' dir='ltr'>dicentes:</span> <span class='ocrx_word' id='word_1_180' title='bbox 893 2145 1197 2199; x_wconf 72' lang='lat' dir='ltr'>Accelerate‚·</span> <span class='ocrx_word' id='word_1_181' title='bbox 1223 2163 1312 2209; x_wconf 81' lang='lat' dir='ltr'>per</span> <span class='ocrx_word' id='word_1_182' title='bbox 1344 2149 1486 2191; x_wconf 78' lang='lat' dir='ltr'>meri—</span> 
     </span>
     <span class='ocr_line' id='line_1_26' title="bbox 69 2220 1487 2287; baseline 0.001 -21"><span class='ocrx_word' id='word_1_183' title='bbox 69 2220 269 2267; x_wconf 79' lang='lat' dir='ltr'>dianam</span> <span class='ocrx_word' id='word_1_184' title='bbox 277 2234 496 2287; x_wconf 73' lang='lat' dir='ltr'>portam,</span> <span class='ocrx_word' id='word_1_185' title='bbox 509 2223 629 2282; x_wconf 65' lang='lat' dir='ltr'>nihil</span> <span class='ocrx_word' id='word_1_186' title='bbox 622 2220 970 2284; x_wconf 74' lang='lat' dir='ltr'>formidantes,</span> <span class='ocrx_word' id='word_1_187' title='bbox 993 2223 1115 2267; x_wconf 77' lang='lat' dir='ltr'>intra</span> <span class='ocrx_word' id='word_1_188' title='bbox 1124 2233 1183 2278; x_wconf 70' lang='lat' dir='ltr'>tc,</span> <span class='ocrx_word' id='word_1_189' title='bbox 1203 2239 1310 2285; x_wconf 66' lang='lat' dir='ltr'>qna?</span> <span class='ocrx_word' id='word_1_190' title='bbox 1324 2222 1487 2268; x_wconf 74' lang='lat' dir='ltr'>adhuc</span> 
     </span>
     <span class='ocr_line' id='line_1_27' title="bbox 68 2297 1486 2355; baseline 0.001 -12"><span class='ocrx_word' id='word_1_191' title='bbox 68 2297 130 2343; x_wconf 81' lang='lat' dir='ltr'>ab</span> <span class='ocrx_word' id='word_1_192' title='bbox 148 2302 276 2344; x_wconf 81' lang='lat' dir='ltr'>omni</span> <span class='ocrx_word' id='word_1_193' title='bbox 291 2311 434 2346; x_wconf 73' lang='lat' dir='ltr'>vacat</span> <span class='ocrx_word' id='word_1_194' title='bbox 460 2300 739 2346; x_wconf 63' lang='lat' dir='ltr'>obsidione!</span> <span class='ocrx_word' id='word_1_195' title='bbox 756 2300 926 2355; x_wconf 89' lang='lat' dir='ltr'>Porro,</span> <span class='ocrx_word' id='word_1_196' title='bbox 954 2299 1209 2346; x_wconf 85' lang='lat' dir='ltr'>auxiliante</span> <span class='ocrx_word' id='word_1_197' title='bbox 1227 2300 1343 2355; x_wconf 90' lang='lat' dir='ltr'>Deo,</span> <span class='ocrx_word' id='word_1_198' title='bbox 1368 2299 1486 2345; x_wconf 90' lang='lat' dir='ltr'>mul-</span> 
     </span>
     <span class='ocr_line' id='line_1_28' title="bbox 69 2375 1486 2440; baseline 0.002 -20"><span class='ocrx_word' id='word_1_199' title='bbox 69 2384 171 2421; x_wconf 86' lang='lat' dir='ltr'>tum</span> <span class='ocrx_word' id='word_1_200' title='bbox 189 2375 330 2423; x_wconf 81' lang='lat' dir='ltr'>aliter</span> <span class='ocrx_word' id='word_1_201' title='bbox 349 2378 505 2423; x_wconf 75' lang='lat' dir='ltr'>evenit</span> <span class='ocrx_word' id='word_1_202' title='bbox 527 2376 626 2423; x_wconf 77' lang='lat' dir='ltr'>haec.</span> <span class='ocrx_word' id='word_1_203' title='bbox 650 2376 963 2440; x_wconf 79' lang='lat' dir='ltr'>sperantibus.</span> <span class='ocrx_word' id='word_1_204' title='bbox 990 2377 1096 2440; x_wconf 89' lang='lat' dir='ltr'>Ipso</span> <span class='ocrx_word' id='word_1_205' title='bbox 1118 2378 1245 2423; x_wconf 87' lang='lat' dir='ltr'>enim</span> <span class='ocrx_word' id='word_1_206' title='bbox 1263 2376 1362 2433; x_wconf 82' lang='lat' dir='ltr'>die,</span> <span class='ocrx_word' id='word_1_207' title='bbox 1385 2377 1486 2423; x_wconf 88' lang='lat' dir='ltr'>sab-</span> 
     </span>
     <span class='ocr_line' id='line_1_29' title="bbox 67 2449 1486 2518; baseline 0.002 -22"><span class='ocrx_word' id='word_1_208' title='bbox 67 2449 180 2499; x_wconf 88' lang='lat' dir='ltr'>bato</span> <span class='ocrx_word' id='word_1_209' title='bbox 203 2453 380 2500; x_wconf 88' lang='lat' dir='ltr'>scilicet</span> <span class='ocrx_word' id='word_1_210' title='bbox 404 2464 509 2517; x_wconf 88' lang='lat' dir='ltr'>post</span> <span class='ocrx_word' id='word_1_211' title='bbox 534 2454 868 2501; x_wconf 83' lang='lat' dir='ltr'>Ascensionem</span> <span class='ocrx_word' id='word_1_212' title='bbox 894 2454 1112 2506; x_wconf 90' lang='lat' dir='ltr'>Domini,</span> <span class='ocrx_word' id='word_1_213' title='bbox 1136 2454 1373 2501; x_wconf 88' lang='lat' dir='ltr'>Podiensis</span> <span class='ocrx_word' id='word_1_214' title='bbox 1391 2455 1486 2518; x_wconf 89' lang='lat' dir='ltr'>epi-</span> 
     </span>
    </p>
   </div>
   <div class='ocr_carea' id='block_1_3' title="bbox 114 2640 513 2745">
    <p class='ocr_par' dir='ltr' id='par_1_3' title="bbox 114 2640 513 2745">
     <span class='ocr_line' id='line_1_30' title="bbox 114 2640 513 2685; baseline 0.005 -12"><span class='ocrx_word' id='word_1_215' title='bbox 114 2640 166 2685; x_wconf 77' lang='lat'>(1)</span> <span class='ocrx_word' id='word_1_216' title='bbox 187 2641 234 2674; x_wconf 90' lang='lat' dir='ltr'>Le</span> <span class='ocrx_word' id='word_1_217' title='bbox 254 2640 309 2675; x_wconf 84' lang='lat' dir='ltr'>lac</span> <span class='ocrx_word' id='word_1_218' title='bbox 326 2643 513 2676; x_wconf 79' lang='lat' dir='ltr'>Ascanius.</span> 
     </span>
     <span class='ocr_line' id='line_1_31' title="bbox 117 2699 374 2745; baseline 0.008 -14"><span class='ocrx_word' id='word_1_219' title='bbox 117 2699 166 2742; x_wconf 77' lang='lat'>(2)</span> <span class='ocrx_word' id='word_1_220' title='bbox 186 2699 233 2732; x_wconf 92' lang='lat' dir='ltr'>Le</span> <span class='ocrx_word' id='word_1_221' title='bbox 253 2711 272 2745; x_wconf 87' lang='lat'>7</span> <span class='ocrx_word' id='word_1_222' title='bbox 292 2701 374 2733; x_wconf 83' lang='lat' dir='ltr'>mai.</span> 
     </span>
    </p>
   </div>
  </div>
 </body>
</html>
