2085 3455
515 258 593 294 590
850 258 1094 297 HISTORIA
1124 259 1526 299 ECCLESIASTICA.
1559 266 1787 313 [FEBRUARIO
1810 267 1927 316 1099]

516 344 672 390 Deum
707 350 967 409 promereri
999 348 1167 394 ducem
1205 359 1248 393 et
1264 349 1620 413 praeambulum
1636 354 1925 416 poterimus,

514 420 845 468 indubitanter
864 427 1026 470 statim
1052 424 1114 470 cle
1151 426 1360 472 inimicis
1398 428 1570 473 nostris
1611 429 1931 493 triumphabi-

513 516 635 544 mus.
663 501 968 560 Accelerate,
994 505 1220 566 inquam,
1243 521 1302 548 ne
1325 520 1412 549 nos
1431 503 1597 550 aemuli
1613 507 1789 563 nostri,
1813 506 1929 551 dum

517 577 753 632 venerint,
783 578 1050 641 imparatos
1079 579 1341 625 inveniant.

575 655 681 700 Dux
699 665 745 701 et
766 672 920 702 comes
944 657 1232 721 legationem
1251 656 1372 704 hanc
1394 668 1638 722 gratanter
1654 658 1926 718 audiebant,

509 733 735 796 quoniam
774 732 956 780 bellum
991 733 1231 781 inhianter
1257 735 1544 782 esuriebant.
1579 736 1749 783 Pacem
1785 737 1930 801 igitur

509 828 618 855 eum
642 809 901 855 Gibellensi
928 810 1196 858 Admiralio
1220 812 1460 871 fecerunt,
1484 825 1531 860 et
1555 832 1754 861 munera
1778 817 1927 862 multa

508 907 615 934 cum
657 888 958 951 pactionibus
994 890 1176 952 placitis
1214 889 1272 935 ab
1310 907 1367 937 eo
1404 904 1704 955 acceperunt.
1747 893 1928 939 Deinde

507 965 802 1011 confratrum
825 964 882 1011 ad
909 966 1080 1012 auxilia
1099 967 1299 1030 profecti
1323 978 1449 1014 sunt.
1474 968 1563 1014 Sed
1582 970 1787 1026 Tureos,
1811 986 1929 1034 quos

505 1042 783 1106 sperabant,
808 1054 922 1090 tunc
947 1062 1045 1090 non
1071 1045 1375 1091 invenerunt.
1395 1045 1531 1091 Ultra
1551 1045 1749 1092 fluvium
1771 1058 1928 1109 autem

507 1121 728 1184 hospitati
748 1133 882 1178 sunt,
914 1134 962 1168 et
983 1140 1040 1168 ex
1069 1123 1148 1168 illa
1173 1134 1307 1186 parte
1332 1123 1577 1169 castellum
1602 1123 1719 1170 illud
1739 1123 1929 1171 obsede-

506 1209 636 1245 runt.
667 1199 765 1245 Nec
786 1200 940 1246 multo
963 1211 1070 1263 post
1089 1217 1146 1246 ex
1166 1200 1445 1247 Christianis
1464 1200 1657 1265 quidam
1678 1201 1735 1247 ad
1755 1202 1928 1264 Tripo-

506 1278 588 1322 lim
631 1277 990 1341 equitaverunt,
1031 1279 1067 1324 si
1113 1296 1204 1343 qua
1242 1290 1435 1343 possent
1467 1279 1629 1326 obesse
1671 1279 1926 1344 gentilibus

502 1354 814 1402 adtentanteS.
859 1357 1156 1403 Invenerunt
1201 1368 1358 1403 autem
1403 1357 1584 1404 Turcos
1629 1368 1675 1403 et
1720 1357 1920 1416 Arabes,

504 1435 717 1498 ipsosque
739 1435 1083 1498 Tripolitanos,
1108 1446 1240 1481 extra
1268 1435 1438 1481 urbem
1463 1435 1651 1492 effusos,
1673 1452 1925 1482 excursum

501 1511 888 1557 Christianorum
912 1512 1133 1559 similiter
1163 1523 1488 1575 expectantes,
1517 1524 1563 1559 et
1583 1514 1714 1559 velut
1737 1515 1785 1560 in
1806 1514 1926 1560 insi-

499 1588 586 1634 diis
610 1589 866 1635 latitantes.
894 1590 1006 1635 Mox
1034 1590 1113 1635 alii
1145 1590 1454 1652 pertinaciter
1482 1591 1597 1636 alios
1628 1591 1918 1638 invaserunt.

503 1666 711 1730 Agareni
735 1666 967 1731 siquidem
991 1667 1172 1729 primos
1194 1667 1395 1730 impetus
1417 1667 1765 1731 aliquantulum
1792 1669 1924 1714 susti-

503 1755 734 1799 nuerunt,
757 1756 804 1790 et
820 1743 996 1789 diutius
1021 1743 1252 1791 obluctati
1273 1755 1400 1790 sunt.
1428 1744 1641 1791 Tandem
1658 1746 1924 1809 percutien-

499 1822 622 1868 tibus
643 1833 774 1886 terga
799 1821 1061 1877 dederunt,
1089 1833 1135 1868 et
1162 1823 1209 1868 in
1234 1822 1310 1868 illa
1335 1823 1727 1887 tergiversatione
1746 1824 1921 1871 multos

498 1918 554 1947 ex
578 1901 670 1946 suis
699 1901 977 1947 amiserunt.
1006 1900 1147 1946 Multi
1168 1901 1311 1947 etiam
1334 1918 1391 1946 ex
1417 1900 1736 1948 nobilioribus
1760 1903 1920 1949 civita-

499 1980 555 2025 tis
588 1978 651 2024 ibi
687 1977 977 2025 ceciderunt.
1014 1978 1238 2024 Mulieres
1265 1990 1311 2025 et
1335 1989 1509 2025 matres
1543 1990 1589 2025 et
1624 1979 1856 2044 virgineS‚
1896 1997 1919 2025 a

499 2058 755 2119 pinnarum
768 2057 1058 2120 spectaculis,
1076 2058 1200 2103 mala
1216 2057 1495 2104 Christianis
1515 2057 1917 2121 imprecabantur,

495 2145 542 2180 et
583 2151 670 2197 pro
707 2135 800 2180 suis
837 2135 1173 2180 anxiabantur.
1210 2134 1612 2199 Ingemiscebant,
1652 2147 1698 2182 et
1735 2146 1919 2182 tantum

495 2229 659 2258 earum
684 2212 854 2276 aliquae
875 2212 1105 2275 probitati
1126 2212 1426 2260 Francorum
1449 2212 1813 2277 applaudebant.
1836 2214 1919 2259 Pa-

496 2306 732 2352 ganorum
764 2289 1001 2336 occisione
1030 2300 1077 2336 et
1110 2291 1293 2336 cruoris
1325 2291 1577 2348 effusione,
1606 2290 1801 2347 fluvius,
1837 2291 1918 2354 qui

495 2367 736 2413 civitatem
773 2367 1008 2424 alluebat,
1044 2367 1257 2414 rubuisse
1291 2369 1414 2414 visus
1449 2379 1533 2414 est.
1571 2368 1634 2414 Et
1671 2368 1913 2424 cisternae,

493 2460 600 2507 quae
623 2443 672 2488 in
694 2443 824 2488 urbis
844 2455 981 2489 erant
999 2444 1130 2502 sinu,
1155 2462 1269 2509 quas
1295 2444 1464 2490 fluvius
1487 2443 1662 2499 alebat,
1691 2444 1918 2508 sanguine

493 2521 829 2567 contaminatae
876 2533 1002 2568 sunt.
1057 2523 1245 2568 Moeror
1292 2522 1437 2586 igitur
1494 2539 1637 2586 quam
1685 2522 1916 2567 maximus

498 2597 716 2644 incubuit
741 2598 1078 2661 Tripolitanis,
1108 2610 1210 2645 tum
1233 2617 1323 2663 pro
1356 2598 1612 2663 majoribus
1648 2599 1739 2644 suis
1764 2598 1917 2644 truci-

493 2675 640 2733 datis,
679 2687 781 2722 tum
821 2694 912 2740 pro
947 2677 1162 2724 cisternis
1199 2677 1323 2724 foeda
1370 2677 1609 2741 sanguinis
1647 2677 1915 2723 incursione

495 2755 706 2817 pollutis.
747 2753 936 2801 Duobus
963 2755 1117 2819 itaque
1153 2755 1336 2802 damnis
1363 2773 1457 2801 uno
1489 2754 1563 2801 die
1600 2754 1750 2801 affecti
1777 2765 1911 2812 sunt,
