2085 3455
590 306 667 341 210
961 301 1201 341 HISTORIA
1233 300 1633 340 ECCLEsmsfflcA.
1853 305 1990 351 [1087]

650 391 831 436 Interea
854 388 1102 435 Matthaeus
1122 390 1211 452 (1),
1233 407 1352 435 unus
1366 406 1421 434 ex
1441 388 1611 444 nautis,
1626 389 1830 434 ferreum
1847 389 1993 435 virili—

590 479 660 513 ter
672 466 894 512 malleum
906 467 975 529 (2)
989 467 1207 529 arripuit,
1218 483 1539 512 marmoreum
1555 466 1877 528 pavimentum
1891 482 1993 528 per-

587 545 726 590 cussit
768 554 813 589 et
860 543 1025 607 fregit,
1064 542 1150 589 sub
1188 560 1282 608 quo
1331 554 1613 604 caementum
1653 543 1857 606 reperit3
1899 561 1992 605 quo

586 620 822 667 diminuto
852 632 897 666 et
929 622 1104 683 ejecto,
1140 638 1273 666 urnae
1305 620 1499 666 dorsum
1530 636 1808 666 marmoreae
1837 620 1992 665 statim

588 697 819 760 apparuit.
848 697 969 741 Hinc
1000 712 1114 759 ergo
1149 707 1313 742 exorta
1350 696 1533 751 laetitia,
1572 696 1717 759 magis
1754 695 1994 760 magisque

589 773 798 820 infodere
810 809 821 829 ‚
844 783 1145 836 veteremque
1160 774 1433 837 juncturam
1454 774 1579 820 ealce
1599 773 1866 836 colligatam
1886 790 1995 837 qua-

584 852 691 898 dam
715 869 824 897 eum
847 850 1014 896 asciola
1036 868 1259 914 rumpere
1282 869 1334 897 ac
1362 851 1611 914 dissipare,
1639 851 1993 914 fragmentaque

587 947 680 976 non
702 927 950 974 tardabant
970 928 1153 991 ejicere.
1175 927 1354 988 Quibus
1375 929 1530 992 ejectis
1549 928 1662 974 soris
1677 964 1687 983 ‚
1709 927 1897 991 pilaque
1919 929 1992 990 (5)

585 1006 794 1060 detecta,
837 1015 883 1049 et
924 1022 947 1049 a
986 1004 1284 1067 praecedente
1323 1007 1494 1068 juvene
1533 1005 1705 1051 malleo
1747 1021 1989 1067 pereussa,

586 1100 773 1147 unoque
806 1083 853 1128 in
889 1083 1032 1128 latere
1068 1083 1236 1138 fracta,
1275 1083 1670 1146 'fragrantissimus
1700 1080 1819 1128 odor
1855 1083 1990 1138 exiit,

584 1161 662 1224 qui
684 1159 803 1208 mira
824 1176 900 1205 eos
923 1160 1001 1223 qui
1027 1158 1222 1204 aderant
1243 1157 1553 1205 delectatione
1576 1159 1810 1204 suavitatis
1836 1159 1996 1222 imple-

584 1239 667 1283 vit.
696 1239 847 1283 Porro
868 1236 1087 1301 praefatus
1103 1236 1288 1300 juvenis
1307 1253 1498 1283 manum
1522 1237 1673 1293 misit,
1702 1237 1996 1301 nimiumque

584 1316 819 1380 liquorem
852 1314 1006 1361 adesse
1035 1315 1191 1377 primo
1221 1315 1387 1371 sensit,
1415 1331 1510 1379 quo
1536 1332 1653 1359 urna
1679 1313 1863 1372 eadem,
1890 1332 1995 1378 quae

586 1410 681 1438 non
714 1410 881 1455 parva,
921 1392 1058 1454 plena
1095 1391 1224 1454 quasi
1251 1408 1396 1455 usque
1426 1389 1481 1436 ad
1513 1389 1722 1436 medium
1747 1390 1996 1437 videbatur

574 1487 695 1516 esse.
730 1468 910 1516 Deinde
941 1469 1180 1515 dexteram
1217 1469 1472 1523 immersit,
1515 1468 1996 1533 pretiosissimumque

586 1546 881 1602 thesaurum,
911 1562 1052 1609 quem
1085 1563 1269 1591 summo
1299 1544 1531 1591 desiderio
1560 1544 1827 1609 quaerebat,
1864 1546 1998 1591 inve-

585 1625 679 1679 nit,
709 1624 1018 1687 celeriterque
1043 1622 1302 1686 impavidus
1326 1623 1573 1669 extrahere
1597 1624 1761 1686 coepit.
1785 1624 1998 1688 Denique

585 1719 674 1764 pro
704 1703 853 1764 capite
886 1700 1144 1765 quaerendo
1179 1711 1301 1747 totns
1335 1701 1379 1746 in
1412 1699 1765 1746 multitudinem
1802 1702 1999 1765 liquoris

588 1779 778 1824 intravit
807 1780 904 1841 (02),
933 1789 979 1824 et
1003 1777 1200 1840 pedibus
1225 1796 1276 1823 ac
1303 1777 1542 1833 manibus,
1580 1789 1631 1823 nt
1660 1795 1842 1824 necesse
1870 1790 1994 1833 erat,

587 1867 723 1919 eaput
745 1855 855 1901 hinc
877 1855 983 1901 inde
1003 1856 1251 1919 requirens
1275 1856 1477 1912 invenit,
1506 1874 1557 1902 ac
1582 1855 1771 1902 demum
1794 1856 1851 1902 de
1878 1857 1998 1903 salu-

587 1934 724 1980 tifero
744 1933 880 1979 latice
902 1932 1106 1979 vestibus
1126 1944 1172 1978 et
1193 1943 1294 1980 toto
1313 1950 1514 1996 corpore
1535 1933 1816 1980 madefactus
1835 1935 1994 1980 exivit.

586 2012 687 2057 Hoc
708 2012 864 2074 itaque
882 2021 988 2073 post
1001 2009 1187 2056 obitum
1203 2011 1350 2056 sancti
1370 2010 1551 2056 Nicolai
1569 2011 1663 2056 sere
1681 2022 1786 2074 post
1804 2028 1999 2057 Decean-

589 2106 698 2147 nos,
726 2098 815 2134 xno
838 2087 1057 2134 kalendas
1086 2089 1252 2142 maias,
1280 2100 1434 2134 aetum
1460 2099 1528 2134 est
1552 2089 1640 2151 (5).

653 2166 830 2213 Deinde
864 2167 976 2230 quia
1008 2167 1187 2212 loculus
1220 2166 1402 2223 deerat,
1436 2185 1488 2213 ae
1525 2183 1595 2212 res
1631 2167 1871 2230 inopinata
1906 2178 1998 2212 tam

635 2312 684 2356 (1)
702 2311 752 2345 Ce
770 2311 932 2344 Matliieu
953 2311 1066 2356 parait
1081 2313 1180 2345 avoir
1195 2313 1251 2346 ete
1271 2324 1320 2346 un
1338 2312 1540 2357 ti'es-jeune
1558 2312 1723 2353 homme,
1740 2312 1802 2358 qui
1823 2312 1916 2346 avait
1929 2313 1999 2346 tire

588 2372 700 2418 l'epee
720 2377 845 2405 conti-e
858 2370 908 2404 les
927 2371 1064 2405 moines
1090 2383 1183 2416 pour
1198 2371 1248 2405 les
1266 2379 1360 2413 mer,
1382 2371 1453 2405 s’ils
1478 2384 1524 2405 ne
1542 2384 1579 2406 se
1597 2372 1854 2406 soumettaient
1874 2382 1935 2417 pas
1954 2369 1998 2405 de

589 2432 710 2465 bonne
729 2431 834 2476 grace
853 2431 871 2463 a
888 2430 921 2464 la
941 2430 1084 2465 volonte
1104 2430 1148 2464 de
1168 2443 1221 2465 ses
1240 2433 1510 2478 coinpatriotes.

639 2492 692 2538 (ρ)
711 2491 794 2525 Une
813 2501 926 2524 masse
947 2489 992 2523 de
1011 2490 1078 2524 ser.

636 2549 683 2595 (5)
703 2550 749 2583 Le
766 2549 954 2583 eouvercle
970 2561 1014 2583 en
1034 2549 1176 2583 marbre
1193 2549 1308 2583 blanc.

636 2611 684 2655 (4)
702 2610 746 2644 La
763 2609 909 2656 liqueui·
930 2608 1169 2644 miraculeuse
1188 2609 1239 2644 lui
1257 2609 1405 2644 arrivait
1419 2608 1738 2655 jusqn'au-dessus
1753 2608 1802 2643 du
1820 2608 1994 2650 nombril,

590 2668 711 2716 quand
728 2669 751 2703 il
766 2669 821 2703 fut
837 2671 941 2703 entre
959 2668 1046 2703 (lans
1065 2669 1096 2703 le
1111 2669 1343 2716 sarcophago.

634 2728 683 2772 (5)
702 2727 748 2761 Le
767 2739 810 2760 ‘20
833 2727 920 2761 avril
945 2728 1041 2775 1087.
