2033 3445
530 325 683 362 LIBER
710 325 956 362 OCTAVUS.
1372 330 1450 368 307

48 411 383 467 cluniacensis,
409 420 546 456 aetate
569 409 843 467 mediocris,
872 425 1074 473 corpore
1097 428 1318 475 magnus,
1344 433 1453 462 mo-

47 488 186 536 destia
214 486 463 545 discretus,
494 487 724 550 religione
752 487 1008 543 maximus,
1037 488 1259 550 sapientia
1284 500 1330 535 et
1352 492 1454 537 elo-

47 565 234 632 quentia
253 565 537 628 praecipuus.
562 562 729 611 Adhuc
747 564 1042 622 Guitbertus‚
1071 565 1259 612 invasor
1276 580 1458 630 aposto-

47 645 146 691 licae
162 642 295 699 sedis,
315 642 572 689 Ecclesiam
593 643 676 689 Dei
698 642 1039 701 conturbabat,
1060 661 1112 688 ac
1130 643 1365 691 adulando
1384 648 1456 693 vel

44 720 367 787 persequendo
384 732 577 767 cunctos
602 738 719 785 quos
742 731 947 785 poterat,
968 720 1027 767 ab
1051 721 1231 767 unitate
1251 724 1376 785 pacis
1401 724 1457 770 ad

46 818 177 847 suum
211 798 409 845 schisma
431 798 738 862 pertrahebat
770 796 989 862 (1).Odo
1014 799 1269 855 nimirum,
1303 817 1458 847 comes

46 877 212 923 Sutriae
235 877 321 937 (2),
338 892 485 938 nepos
504 877 601 940 ejus
618 887 743 933 erat,
764 887 812 922 et
830 875 1152 923 ecclesiasticae
1168 877 1293 940 pacis
1311 879 1461 925 fauto-

46 971 116 1001 res
139 951 355 1016 pluribus
379 953 610 1015 pressuris
637 952 901 1000 coercebat.

107 1029 327 1076 Urbanus
352 1030 500 1093 Papa,
536 1029 737 1076 confisus
770 1031 816 1076 in
846 1030 1057 1078 Domino
1085 1032 1349 1089 coelorum,
1378 1035 1458 1097 qui

46 1123 140 1154 non
166 1106 396 1170 relinquit
414 1106 598 1170 virgam
622 1117 927 1169 peccatorum
950 1124 1093 1170 super
1111 1119 1289 1155 sortem
1303 1109 1462 1172 justo—

46 1200 150 1228 rum
166 1183 253 1246 (3),
274 1182 403 1228 misit
426 1182 602 1246 legatos
626 1193 673 1228 et
689 1183 907 1245 epistolas
921 1183 1149 1229 Romanae
1170 1185 1462 1230 auctoritatis

45 1261 233 1307 Francis
263 1271 310 1306 et
339 1260 540 1317 Graecis,
569 1261 763 1324 aliisque
795 1260 1013 1324 gentibus
1042 1279 1126 1324 per
1155 1261 1325 1308 orbem
1351 1279 1462 1309 con-

45 1338 237 1394 stitutis,
265 1348 318 1382 ut
345 1337 393 1382 in
424 1336 514 1383 fide
549 1336 777 1384 catholica
812 1337 1205 1402 irrefragabiliter
1236 1340 1462 1402 persiste-

45 1425 168 1469 rent,
189 1425 234 1460 et
249 1431 442 1460 omnem
458 1415 705 1460 scissuram
721 1415 860 1478 alege
874 1415 959 1461 Dei
978 1426 1025 1461 et
1046 1432 1247 1478 corpore
1265 1415 1458 1473 Christi,

44 1492 169 1557 quod
199 1502 268 1538 est
288 1492 495 1539 Ecclesia
512 1528 524 1549 ‚
554 1492 720 1538 callide
747 1504 1091 1555 praecaverent.
1120 1494 1256 1539 Solus
1284 1494 1463 1540 Henri-

45 1588 138 1627 cus,
164 1571 435 1616 Teutonum
466 1571 702 1633 princep5,
727 1580 774 1615 et
797 1569 1058 1633 pedissequi
1084 1570 1291 1634 ejusdem
1310 1570 1463 1617 Guid-

44 1646 179 1694 berto
198 1645 520 1694 cohaerebant.
543 1646 665 1692 Galli
682 1663 796 1693 vero
816 1657 862 1693 et
883 1646 1053 1711 Angli,
1078 1649 1276 1712 aliaeque
1300 1659 1462 1712 gentes

44 1741 160 1789 pene
179 1742 342 1772 omnes
366 1741 453 1788 per
476 1723 644 1771 orbem
670 1724 868 1771 Urbano
893 1726 968 1788 pie
988 1725 1392 1772 obsecundabant.

108 1803 161 1849 In
185 1801 357 1866 Apulia
386 1819 550 1848 omnes
586 1801 856 1849 Normanni
894 1802 1131 1849 catholico
1167 1804 1305 1867 Papae
1342 1821 1461 1850 con-

49 1880 253 1927 corditer
274 1880 509 1927 favebant.
536 1879 718 1927 Verum
738 1880 862 1925 inter
882 1896 929 1925 se
951 1881 1249 1926 truculenter
1271 1879 1461 1927 disside-

46 1956 183 2016 bant,
212 1969 258 2004 et
275 1958 444 2004 fratres
470 1958 573 2020 plus
594 1974 738 2021 quam
756 1957 909 2002 civilia
929 1956 1055 2003 bella
1080 1958 1284 2004 vicissim
1304 1976 1464 2005 conse-

49 2033 231 2081 rebant.
258 2035 489 2099 Rogerius
512 2034 640 2080 enim
656 2069 670 2090 ,
698 2045 1017 2097 cognomento
1035 2034 1271 2081 Crumena
1287 2071 1299 2092 ,
1327 2034 1371 2081 id
1395 2046 1464 2081 est

49 2110 207 2170 bursa,
241 2111 414 2158 ducatu
439 2110 670 2157 Calabriae
700 2111 824 2157 solus
855 2128 962 2157 cum
993 2122 1145 2157 matre
1168 2111 1457 2175 potiebatur.

48 2187 180 2249 Quod
196 2188 499 2235 Buamundus
522 2190 668 2235 frater
698 2190 811 2252 ejus,
842 2189 966 2252 apud
990 2188 1254 2235 Jordanum
1276 2190 1464 2252 princi-

49 2283 153 2330 pem
189 2268 359 2331 Capuae
394 2268 613 2323 exulans,
644 2283 770 2331 aegre
798 2266 1083 2329 patiebatur.
1122 2266 1255 2313 Unde
1286 2267 1462 2313 auxilio

49 2343 248 2407 ejusdem
282 2344 479 2391 Jordani
516 2344 687 2391 sororii
720 2344 815 2400 sui,
850 2343 1148 2409 aliorumque
1179 2354 1458 2407 parentum,

51 2420 399 2485 amicorumque
444 2437 639 2467 suorum
654 2456 665 2475 ‚
699 2437 830 2465 arma
882 2430 1047 2466 contra
1088 2421 1285 2466 fratrem
1325 2436 1461 2465 suum

97 2640 146 2686 (1)
170 2641 377 2688 L’antipape
402 2643 582 2686 Guibert,
609 2643 835 2689 archcchue
861 2642 906 2677 (le
936 2643 1126 2687 Ravenne,
1151 2644 1211 2678 elu
1236 2646 1253 2677 a
1276 2643 1408 2677 Brixen
1432 2642 1463 2675 le

55 2696 190 2743 23juin
212 2700 317 2743 1080,
339 2713 384 2735 ne
401 2709 553 2736 mourut
570 2702 677 2749 qu’cn
699 2701 903 2748 septembre
927 2714 1025 2736 1100.

98 2757 147 2803 (2)
166 2759 284 2802 Sutri,
305 2760 386 2794 ville
405 2761 608 2807 episcopale
628 2761 674 2795 dn
698 2761 917 2806 patrimoine
936 2761 981 2796 (le
999 2763 1088 2796 saint
1112 2762 1249 2795 pierre.

102 2815 152 2861 (3)
171 2818 302 2853 psalm.
323 2831 436 2862 cxxiv,
460 2819 494 2854 3.
