2085 3455
487 263 569 300 620
833 258 1076 297 HISTORIA
1105 257 1506 299 ECCLESIASTICA.
1539 260 1642 308 [x1v0
1658 272 1745 299 AUG.
1768 260 1888 309 1099]

486 345 769 393 Ascalonem
785 344 1045 402 intrarent,
1062 361 1259 410 eamque
1273 344 1478 408 penitus,
1500 344 1672 390 necatis
1688 343 1884 399 civibus,

484 424 574 471 sibi
597 424 920 488 subjugarent.
946 423 1206 470 Tolosanus
1225 432 1382 468 autem
1405 439 1514 468 cum
1530 422 1621 467 suis
1646 422 1890 485 imperter-

485 502 605 548 ritus
628 501 774 565 copiis
799 510 907 547 ante
935 500 1103 547 urbem
1128 501 1357 565 perstitit,
1384 511 1430 546 et
1456 501 1760 547 immorantes
1784 500 1889 546 Phi-v

484 580 658 625 listaeos
680 589 789 625 ante
813 579 993 642 azylum
1012 597 1166 635 suum,
1187 589 1239 625 ut
1252 578 1484 636 bidentes,
1505 595 1649 642 usque
1668 577 1725 624 ad
1746 578 1889 624 inter-

484 657 731 703 necionem
774 655 967 704 delevit.
1014 658 1165 704 Porro
1217 657 1338 703 cives
1354 692 1367 714 ‚
1416 655 1474 702 de
1520 655 1889 719 propugnaculis

484 737 717 781 intuentes
742 734 1054 797 pertinaciam
1083 733 1488 791 Christianorum,
1515 744 1561 780 et
1584 732 1891 780 formidantes

481 829 541 859 ne
563 811 651 858 sibi
675 812 974 875 contingeret
997 811 1254 869 excidium,
1281 813 1419 876 quale
1441 811 1679 868 viderant,
1707 811 1783 857 vel
1806 828 1889 856 au-

479 890 666 936 dierant
717 889 1034 936 finitimorum
1050 925 1062 944 ‚
1104 889 1332 936 vexillum
1383 889 1567 936 comitis
1613 889 1856 953 petierunt
1872 924 1883 943 ‚

480 979 752 1031 certamque
767 966 1058 1014 deditionem
1076 984 1207 1013 suam
1226 968 1266 1014 ei
1288 966 1490 1013 fideliter
1509 965 1882 1030 spoponderunt.

478 1044 819 1091 Retractabant
837 1044 1094 1110 siquidem,
1120 1045 1227 1110 quia
1254 1045 1349 1108 ipse
1369 1045 1569 1109 propior
1587 1054 1710 1100 erat,
1731 1044 1887 1107 eisque

477 1123 625 1186 magis
644 1121 702 1168 ad
722 1122 918 1169 exitium
940 1121 1268 1180 incumbebat,
1291 1133 1337 1168 et
1360 1121 1489 1186 quod
1509 1121 1885 1168 Guinimundum

479 1198 820 1257 Admiraliu'm,
843 1210 1157 1264 caeterosque,
1179 1200 1259 1264 qui
1291 1217 1337 1246 se
1357 1200 1482 1245 illius
1505 1197 1609 1245 fidei
1632 1198 1884 1245 commise-

476 1286 609 1333 rant,
650 1276 928 1323 salvaverat.
981 1276 1067 1322 Ille
1106 1293 1220 1323 vero
1262 1274 1563 1340 poscentibus
1609 1274 1884 1338 signiferum

476 1369 612 1398 suum
640 1353 793 1409 misit,
834 1363 879 1399 et
907 1353 1075 1417 sugatis
1112 1369 1192 1399 seu
1226 1352 1482 1415 peremptis
1517 1350 1764 1406 omnibus,
1803 1351 1882 1415 qni

475 1440 608 1476 extra
642 1429 812 1477 urbem
839 1440 1006 1486 erant,
1042 1430 1099 1477 ad
1130 1447 1373 1494 compares
1407 1429 1612 1476 accessit.
1646 1428 1826 1490 Quibus
1859 1446 1883 1475 a

477 1507 603 1554 caede
634 1507 1008 1572 quiescentibus,
1044 1519 1090 1554 et
1118 1508 1165 1554 in
1193 1525 1342 1553 unum
1370 1506 1692 1571 coligregati3‚
1726 1505 1846 1552 dixit
1871 1526 1881 1551 ε

475 1586 634 1641 Ecce,
654 1586 758 1630 Deo
779 1586 997 1648 gratias,
1016 1602 1251 1650 prospere
1273 1584 1405 1630 nobis
1427 1585 1628 1630 victoria
1646 1585 1882 1648 provenit,

474 1673 518 1708 et
556 1664 830 1724 compressis
873 1662 1051 1708 civibus
1088 1661 1308 1707 Ascalon
1343 1678 1467 1726 pene
1502 1661 1727 1725 patescit.
1770 1659 1883 1706 ιῙαιη

474 1739 707 1785 vexillarii
739 1756 895 1784 meam
930 1739 1233 1785 Ascalonita'
1268 1748 1569 1802 recepermzt;
1599 1746 1646 1783 et
1671 1736 1810 1795 milti,
1844 1741 1884 1782 si

475 1816 759 1874 conceditis,
792 1817 1001 1880 subjecti
1012 1814 1280 1879 jaeebunt,
1316 1817 1624 1878 imperiisque
1652 1815 1768 1860 meis
1794 1833 1884 1878 pro

473 1894 627 1940 salute
654 1913 747 1940 saa
767 1894 1023 1958 parebant.
1052 1893 1314 1956 Respondit
1347 1910 1429 1939 rex
1458 1913 1469 1939 ε
1493 1893 1630 1939 Absit
1662 1904 1714 1938 ut
1737 1892 1883 1956 liujus

476 1972 606 2018 urbis
631 1972 929 2018 dominatam,
954 1972 1104 2018 alicui
1128 1970 1414 2025 conccclam;
1439 1971 1527 2016 sed
1548 1969 1883 2035 expugnando

474 2049 650 2095 ditioni
669 2066 789 2094 mese
811 2066 924 2094 mox
941 2048 1220 2113 subjiciam.
1243 2047 1457 2094 Ascalon
1483 2049 1644 2094 vicina
1666 2057 1734 2093 est
1751 2047 1884 2093 Jeru-

473 2127 653 2184 salem,
681 2138 724 2172 et
752 2127 886 2173 decet
912 2138 961 2171 at
987 2127 1195 2172 dominio
1222 2126 1461 2172 subdatur
1483 2127 1614 2190 ejas,
1645 2126 1730 2189 qai
1750 2143 1882 2187 prce-

472 2205 596 2251 sidet
616 2205 901 2251 Jerusalem.
924 2203 1192 2251 Rodbertus
1216 2203 1546 2260 Normannus,
1574 2214 1714 2268 atque
1737 2203 1881 2249 Fian-

472 2281 682 2339 drensis,
739 2283 913 2346 aliique
971 2282 1219 2346 optimates
1270 2281 1370 2345 regi
1421 2280 1645 2327 dixerunt
1694 2301 1703 2326 :
1750 2281 1881 2326 Satis

473 2376 637 2405 Omnes
651 2360 866 2405 novimus
885 2359 1012 2422 qnod
1028 2376 1184 2405 comes
1209 2358 1383 2403 Sancti
1396 2358 1591 2421 *Eg-istit
1611 2357 1773 2403 uberes
1786 2357 1847 2418 gh
1864 2384 1881 2391 -

475 2436 561 2482 bas
580 2446 624 2481 et
649 2437 970 2483 nmm‘tissima
984 2435 1167 2500 oppida
1186 2453 1274 2499 pro
1293 2436 1400 2482 Deo
1419 2446 1586 2499 sponte
1603 2434 1812 2496 reliquit,
1838 2446 1881 2479 et

475 2517 523 2560 in
543 2513 849 2577 expeditione
866 2514 963 2559 Dei
985 2512 1301 2575 maltasortia
1324 2515 1644 2558 strenuissime
1658 2512 1844 2574 peregit,
1859 2547 1874 2565 ⁷³

470 2603 617 2655 atque
638 2591 709 2637 ad
730 2591 1028 2637 tolerandum
1052 2592 1279 2655 graviora
1305 2591 1584 2636 cliscritm'tza
1612 2607 1695 2634 nos
1718 2606 1876 2633 omnes

473 2672 741 2715 (etilecessit.
774 2669 931 2724 Unde,
972 2675 1011 2714 si
1038 2669 1504 2733 peregrinationem,
1531 2684 1677 2730 qaam
1702 2666 1871 2729 coepit,

469 2758 818 2808 perseveranter
841 2746 1030 2811 explere
1056 2746 1288 2802 decernit,
1317 2757 1360 2790 ct
1382 2742 1636 2806 deffendere
1657 2753 1873 2792 sanctam
