2033 3445
521 284 674 322 LIBER
704 284 972 323 SEPTIMUS.
1382 290 1459 327 255

50 387 181 422 tenus
225 383 270 418 et
312 370 559 434 superfluis
599 369 766 432 opibus
814 370 953 415 nimis
999 370 1272 417 abundavit.
1324 373 1461 419 Seeus

52 448 321 498 incendium
358 466 382 493 a
424 446 740 494 formidolosis
780 457 939 492 vectus
982 458 1052 493 est
1090 447 1147 493 ad
1186 448 1457 508 basilicam,

51 528 294 590 liberoque
332 525 461 581 solo,
504 524 583 587 qui
622 534 694 570 tot
729 523 929 571 urbibus
964 536 1010 571 et
1044 525 1229 589 oppidis
1267 537 1313 573 et
1349 528 1462 574 vicis

50 604 339 670 principatus
363 613 454 657 est,
486 602 637 648 caruit
659 600 716 647 ad
744 602 1050 665 sepulturam.
1079 603 1259 650 Arvina
1283 606 1462 651 ventris

50 685 160 748 ejus,
183 691 256 727 tot
273 679 624 726 delectamentis
642 680 868 737 enutrita,
896 697 1004 726 eum
1029 680 1260 728 dedecore
1283 683 1458 745 patuit,

51 771 96 808 et
124 758 378 823 prudentes
410 775 463 803 ae
497 758 775 814 infrunitos,
814 759 965 822 qualis
998 760 1056 805 sit
1092 760 1244 824 gloria
1281 761 1459 818 carnis,

51 836 253 885 edocuit.
289 836 500 898 Inspecta
527 833 757 896 siquidem
780 836 1091 899 corruptione
1115 837 1295 884 coenosi
1321 836 1462 883 cada-

53 914 199 971 veris,
236 913 433 977 quisque
465 922 690 958 monetur
721 923 773 957 ut
806 913 1005 959 meliora
1024 950 1037 970 ,
1083 931 1225 978 quam
1256 913 1464 961 delecta-

51 1000 204 1038 menta
239 999 348 1035 sunt
385 989 566 1045 carnis,
610 1006 715 1053 quae
754 1000 878 1035 terra
917 1001 1010 1047 est,
1049 1001 1095 1036 et
1134 991 1180 1036 in
1218 991 1463 1054 pulverem

49 1076 328 1123 revertetur,
362 1063 525 1111 labore
556 1065 770 1111 salutaris
795 1067 1106 1113 continentiae
1135 1068 1336 1113 mercari
1363 1068 1464 1114 ser—

50 1154 214 1191 venter
236 1152 452 1190 conetur.

110 1221 278 1268 Divitis
296 1231 343 1267 et
364 1221 584 1284 pauperis
604 1238 690 1283 par
709 1232 777 1266 est
798 1221 1008 1268 conditio
1022 1259 1033 1279 ,
1060 1233 1106 1268 et
1130 1223 1348 1269 similiter
1371 1241 1467 1269 am-

48 1298 132 1345 bos
157 1296 335 1344 invadit
357 1313 486 1343 mors
510 1306 557 1341 et
581 1296 800 1360 putredo.
830 1297 988 1344 Nolite
1013 1315 1128 1362 ergo
1154 1298 1392 1345 confidere
1418 1301 1465 1345 in

48 1374 342 1440 principibus
365 1374 511 1432 falsis,
540 1391 568 1420 o
590 1374 674 1420 filii
696 1374 970 1432 hominum;
1000 1375 1079 1422 sed
1102 1377 1148 1422 in
1169 1377 1268 1423 Deo
1289 1378 1397 1423 vivo
1421 1387 1467 1422 et

45 1470 161 1500 vero
174 1489 188 1511 ‚
216 1453 297 1517 qui
323 1463 509 1499 creator
534 1463 602 1498 est
626 1453 860 1498 omnium.
889 1453 1073 1499 Veteris
1100 1464 1147 1499 et
1169 1455 1280 1500 novi
1308 1455 1466 1500 Testa-

49 1532 196 1578 menti
230 1532 396 1577 seriem
431 1531 685 1586 revolvite,
721 1541 768 1576 et
797 1531 1011 1594 exempla
1041 1530 1149 1577 inde
1183 1532 1466 1595 multiplicia

51 1610 181 1673 vopis
200 1609 445 1673 capessite,
467 1607 580 1672 quid
598 1624 785 1665 cavere,
808 1608 981 1674 quidve
1001 1609 1206 1656 debeatis
1223 1620 1463 1674 appetere.

51 1687 208 1734 Nolite
229 1704 417 1751 sperare
442 1688 488 1733 in
516 1687 786 1751 iniquitate,
819 1698 864 1733 et
894 1688 1082 1750 rapinas
1111 1687 1261 1734 nolite
1288 1706 1468 1735 eoncu—

52 1766 243 1830 piscere.
266 1766 454 1811 Divitiae
473 1765 507 1810 si
527 1765 736 1820 affluant,
756 1765 905 1811 nolite
924 1782 1007 1811 cor
1025 1782 1281 1828 apponere.
1304 1765 1468 1811 Omnis

52 1844 178 1889 enim
197 1860 306 1890 caro
325 1853 377 1889 ut
396 1844 581 1890 foenum
595 1879 606 1899 ,
630 1853 677 1888 et
694 1842 849 1889 omnis
869 1843 1018 1906 gloria
1040 1844 1135 1907 ejus
1154 1854 1207 1888 ut
1224 1842 1308 1890 llos
1327 1843 1464 1890 foeni.

52 1920 250 1967 Exaruit
277 1922 488 1977 foenum,
526 1931 573 1966 et
604 1919 689 1966 llos
719 1920 814 1984 ejus
849 1919 1033 1966 cecidit.
1068 1920 1279 1966 Verbum
1311 1932 1468 1968 autem

53 1999 242 2046 Domini
267 2009 427 2044 manet
452 1999 498 2043 in
523 2008 774 2043 aeternum.

116 2077 204 2124 Hic
223 2077 423 2140 septimo
444 2075 570 2122 libro
591 2076 823 2123 Uticensis
839 2076 1058 2122 llistoriae
1080 2076 1232 2139 placet
1251 2093 1357 2122 eum
1376 2076 1469 2124 fine

57 2155 176 2218 regis
210 2155 471 2201 terminum
505 2154 641 2210 dare,
680 2165 727 2200 et
764 2155 810 2200 in
841 2165 1007 2201 octavo
1034 2153 1090 2200 de
1125 2154 1232 2200 filiis
1268 2156 1386 2219 ejus,
1422 2167 1469 2202 et

57 2232 332 2279 multimoda
366 2232 749 2296 perturbatione,
780 2249 886 2297 quae
915 2231 995 2278 diu
1024 2232 1289 2279 Ncustriam
1327 2233 1469 2279 vehe-

58 2321 242 2357 menter
288 2321 334 2357 et
380 2310 605 2375 Angliam
650 2311 838 2366 afflixit,
889 2310 1062 2373 aliquid
1115 2311 1224 2356 volo
1272 2312 1469 2373 posteris

59 2387 276 2437 enodare.
