2033 3445
69 334 203 383 [1089]
554 331 705 370 LIBER
733 332 978 370 OCTAVUS.
1392 338 1469 373 315

68 435 156 483 pro
192 417 453 463 multorum
492 417 783 480 perditione,
820 434 937 482 quos
972 435 996 462 a
1030 418 1131 482 lege
1165 419 1249 464 Dei
1283 419 1471 465 videbat

67 494 283 541 aberrare
309 510 387 538 sua
418 493 503 539 sub
533 494 889 558 gubernatione.
921 495 974 540 In
1001 493 1191 542 dioecesi
1217 513 1294 542 sua
1323 498 1470 543 multa

68 569 344 635 corrigenda
385 572 638 634 perspexit.
684 572 959 618 Peccantem
1000 589 1184 636 regem,
1218 583 1472 638 torvosque

65 664 284 712 proceres
302 664 424 711 saepe
450 649 698 711 corripuit.
721 649 857 696 Unde
883 649 1084 712 plurima
1107 649 1165 695 ab
1192 650 1256 696 eis
1280 649 1470 696 adversa

68 726 197 782 tulit,
224 736 270 771 et
293 742 382 788 pro
399 726 704 789 zelojustitiae
727 726 798 772 bis
820 728 1046 773 exulavit.
1072 728 1220 774 Dictis
1245 739 1291 774 et
1309 745 1469 774 exem—

65 803 151 866 plis
170 801 449 848 salutaribus
467 818 711 865 perversos
732 820 886 850 mores
906 803 1206 850 subditorum
1222 803 1471 850 emendare

64 879 264 937 studuit,
285 879 363 926 sed
383 879 612 926 obdurata
630 880 945 944 quorumdam
968 882 1232 946 iniquitate,
1248 883 1294 927 in
1310 882 1471 927 multis

65 973 160 1002 non
193 956 312 1002 sicut
348 956 571 1002 voluisset
607 958 823 1019 profecit.
864 958 1075 1004 Perversi
1114 959 1313 1022 quippe,
1352 959 1469 1004 sicut

63 1033 282 1080 Salomon
308 1034 395 1090 ait,
422 1032 608 1080 difficile
635 1035 960 1099 corriguntur,
995 1046 1042 1081 et
1071 1036 1325 1082 stultorum
1360 1036 1469 1081 infi-

62 1110 184 1157 nitus
205 1122 273 1157 est
297 1128 536 1157 numerus.

123 1189 176 1234 In
214 1187 378 1234 diebus
423 1189 514 1235 illis
551 1191 738 1236 lucerna
772 1207 896 1237 verae
934 1192 1192 1237 sanctitatis
1225 1191 1468 1237 obscurius

61 1265 261 1312 micabat
279 1282 400 1330 pene
424 1267 602 1312 cunctis
628 1268 674 1313 in
701 1267 974 1323 ordinibus,
1001 1267 1261 1332 mundique
1285 1269 1468 1331 princi-

0 1389 1 1393 ,
61 1358 138 1405 pes
171 1360 277 1388 cum
317 1342 533 1407 subjectis
571 1343 837 1407 agminibus
873 1344 1172 1391 inhaerebant
1207 1345 1468 1391 tenebrosis

59 1419 296 1483 operibus.
319 1420 598 1467 Guillelmus
621 1421 783 1479 Rufus,
807 1421 1024 1468 Albionis
1045 1440 1146 1478 rex,
1163 1424 1349 1486 juvenis
1369 1434 1469 1469 erat

58 1509 306 1561 protervus
329 1510 375 1544 et
395 1499 610 1556 lascivus,
638 1517 780 1564 quem
798 1501 937 1546 nimis
959 1499 1196 1546 inhianter
1219 1518 1468 1565 proseque-

58 1572 230 1619 bantur
248 1575 434 1638 agmina
461 1576 749 1638 populorum
781 1574 1027 1638 impudicis
1052 1575 1281 1622 moribus.
1309 1578 1469 1640 Impe-

59 1650 203 1697 riosus
239 1662 285 1697 et
318 1650 466 1698 audax
501 1664 640 1717 atque
677 1654 894 1699 militaris
930 1664 1054 1710 erat,
1082 1664 1128 1700 et
1162 1655 1468 1701 multitudine

58 1729 262 1775 militum
285 1747 511 1794 pompose
534 1730 840 1794 tripudiabat.
878 1731 1062 1777 Militiae
1091 1732 1240 1777 titulis
1268 1733 1468 1796 applau—

58 1805 215 1863 debat,
255 1806 439 1872 illisque
471 1819 667 1872 propter
702 1810 869 1855 fastum
908 1809 1182 1854 saecularem
1213 1808 1465 1856 admodum

58 1883 252 1931 favebat.
274 1885 499 1948 Pagenses
519 1898 682 1934 contra
709 1887 880 1933 milites
898 1886 1146 1932 defendere
1170 1887 1462 1950 negligebat,

59 1977 260 2024 quorum
285 1963 592 2026 possessiones
611 1982 633 2009 a
658 1964 749 2009 suis
775 1963 1009 2010 tironibus
1028 1974 1073 2008 et
1102 1964 1346 2026 armigeris
1371 1965 1465 2010 im-

58 2054 179 2100 pune
204 2038 431 2085 devastari
453 2040 772 2102 permittebat.
803 2040 998 2086 Tenacis
1024 2041 1290 2097 memoriae,
1319 2052 1365 2086 et
1385 2058 1465 2086 ar-

57 2113 204 2162 dentis
223 2116 279 2163 ad
298 2116 479 2163 bonum
503 2134 582 2163 seu
600 2118 777 2164 malum
798 2118 1054 2164 voluntatis
1076 2129 1191 2164 crat.
1215 2118 1465 2165 Terribilis

57 2191 235 2240 furibus
259 2204 305 2240 et
329 2193 606 2240 latrunculis
639 2193 938 2250 imminebat,
968 2212 1222 2259 pacemque
1253 2213 1461 2242 serenam

58 2286 139 2333 per
157 2270 412 2335 subjectam
433 2273 678 2336 regionem
694 2273 870 2318 servari
888 2273 1102 2319 valenter
1121 2273 1334 2337 cogebat.
1356 2274 1465 2319 Om-

57 2366 134 2396 nes
158 2350 331 2396 incolas
349 2351 571 2414 regnisui
598 2361 677 2396 aut
696 2350 844 2397 illexit
866 2351 1103 2414 largitate,
1127 2362 1206 2396 aut
1231 2368 1463 2414 compres-

57 2427 113 2474 sit
138 2429 314 2475 virtute
348 2439 395 2475 et
428 2439 639 2484 terrore,
670 2440 721 2475 ut
755 2429 912 2475 nullus
940 2440 1104 2476 contra
1130 2446 1236 2475 eum
1271 2429 1461 2476 auderet

57 2504 211 2571 aliquo
229 2506 373 2553 modo
392 2507 584 2553 mutire.

116 2582 202 2628 IX.
225 2582 538 2631 Confirmatus
558 2584 713 2649 itaque
729 2586 776 2630 in
792 2601 957 2647 regno,
985 2595 1159 2629 turmas
1178 2585 1458 2647 optimatum

58 2659 235 2717 ascivit,
258 2670 304 2706 et
327 2659 609 2708 Guentoniae
632 2663 700 2724 (ι)
721 2664 1037 2725 congregatis,
1058 2679 1161 2725 quae
1185 2661 1461 2706 intrinsecus

99 2830 146 2873 (1)
171 2832 413 2865 Winslwsim:
