2085 3455
562 286 636 321 192
923 283 1162 321 HISTORIA
1193 283 1590 321 ECCLESIASTICA.

560 369 902 415 Nol-manniam
939 369 1103 416 deduci
1137 370 1244 416 fecit
1258 407 1272 427 ,
1311 381 1356 416 et
1396 371 1442 415 in
1481 387 1586 416 arce
1626 371 1955 433 Rotomagensi

563 446 896 502 incarceravit,
933 445 1090 510 ibique
1116 447 1350 492 intrusum
1387 457 1590 510 quatuor
1620 446 1754 492 annis
1788 446 1887 508 (1),
1915 445 1961 491 id

560 534 628 569 est
654 540 796 587 usque
818 523 873 568 ad
898 522 1040 569 finem
1061 524 1168 569 vitae
1193 541 1286 569 suae
1301 523 1552 587 diligenter
1576 522 1841 569 custodivit.
1869 522 1961 568 Ca-

563 601 659 663 pite
694 617 806 647 vero
842 600 1177 665 inquietudinis
1209 600 1410 664 dejecto,
1447 601 1652 646 militum
1673 600 1823 646 motio
1845 617 1964 646 con—

564 678 765 741 quievit,
787 676 996 741 inibique
1016 677 1137 739 regis
1159 676 1456 740 providentia
1474 693 1674 740 regnum
1691 694 1825 722 suum
1843 676 1968 721 intus

565 764 612 799 et
634 764 765 799 extra
785 754 973 800 sortiter
991 754 1209 798 munivit.

629 830 750 876 Eece
784 830 833 875 in
871 830 958 876 hoc
990 830 1181 876 homine
1218 830 1371 892 palam
1411 830 1700 892 completum
1728 829 1964 885 videmus,

568 905 694 970 quod
719 907 766 952 in
803 906 927 953 libro
960 906 1359 970 mythologiarum
1383 906 1496 953 dicit
1530 908 1802 971 Fulgentius
1829 927 1839 952 ε
1873 907 1971 970 Qui

563 984 677 1048 plus
712 985 881 1047 qua‘rz't
918 1001 1061 1047 quam
1102 984 1235 1041 licet,
1275 986 1431 1030 minus
1474 985 1560 1030 erit
1591 1003 1733 1048 quam
1779 997 1847 1030 est
1880 985 1967 1048 (2).

568 1059 847 1105 Praesulatus
866 1059 1128 1122 Bajocensis
1141 1095 1153 1114 ,
1179 1069 1226 1105 et
1244 1063 1490 1105 comitatus
1509 1060 1686 1106 Cantiae
1703 1061 1843 1124 ingen
1853 1059 1974 1106 tibus

571 1137 690 1199 gazis
724 1134 990 1192 abundans,
1030 1146 1075 1180 et
1109 1152 1193 1198 per
1225 1146 1372 1182 totam
1404 1136 1624 1200 Angliam
1664 1148 1802 1201 atque
1842 1136 1972 1183 Nor-

571 1213 811 1258 manniam
846 1212 972 1275 regia
997 1223 1198 1275 potestas
1236 1231 1343 1258 cum
1381 1214 1571 1276 propria
1597 1215 1858 1260 communis
1893 1214 1974 1259 uni

574 1290 746 1336 clerico
781 1307 876 1336 non
901 1289 1176 1347 sufficiebat,
1209 1290 1289 1354 qui
1314 1291 1533 1337 universo
1557 1290 1736 1338 mundo
1766 1291 1976 1355 praeferri

574 1366 808 1431 satagebat
821 1387 834 1424 3
857 1384 997 1431 quem
1019 1366 1074 1412 ad
1095 1367 1184 1414 hoc
1203 1385 1299 1415 non
1321 1367 1515 1432 cogebat
1533 1367 1689 1414 divina
1705 1370 1976 1432 assumptio,

575 1461 662 1490 nec
699 1445 922 1490 canonica
954 1445 1148 1502 electio,
1184 1444 1261 1491 sed
1290 1444 1556 1492 insanabilis
1589 1445 1853 1508 cupiditatis
1886 1446 1978 1491 im-

576 1519 815 1567 moderata
846 1522 1171 1584 praesumptio.
1199 1522 1332 1585 Ergo
1363 1521 1489 1586 quod
1522 1521 1724 1568 habebat
1746 1521 1978 1586 perdidit,

579 1608 625 1643 et
646 1597 848 1643 inclusus
868 1598 1046 1661 gemuit
1060 1635 1070 1653 ‚
1094 1599 1456 1662 exemplumque
1475 1599 1692 1660 posteris,
1716 1615 1775 1645 ne
1792 1598 1982 1645 honori-

577 1674 662 1720 bus
687 1673 893 1731 inhient,
920 1674 1192 1738 dereliquit.

643 1752 729 1797 IX.
752 1753 794 1815 [i
809 1752 942 1814 083]
965 1753 1045 1797 His
1065 1751 1375 1815 temporibus,
1396 1753 1652 1801 indictione
1670 1763 1774 1812 vna,
1795 1755 1983 1801 Mathil-

580 1827 671 1884 dis,
699 1828 860 1889 regina
884 1827 1178 1891 Anglorum,
1208 1830 1481 1892 aegrotavit,
1511 1830 1691 1876 diutina
1713 1830 1984 1877 infirmitate

581 1905 740 1963 anxia,
774 1915 926 1950 reatus
949 1922 1053 1952 suos
1077 1907 1300 1969 cognovit
1325 1918 1372 1952 et
1394 1906 1568 1954 obnixe
1591 1906 1803 1966 deflevit,
1827 1909 1985 1955 omni-

580 1982 760 2047 busque
784 1984 873 2028 rite
890 1984 1108 2046 peractis,
1129 2001 1234 2047 quae
1254 2002 1354 2031 mos
1373 1985 1652 2032 christianus
1672 1987 1833 2050 exigit,
1860 1988 1986 2033 salu-

631 2176 679 2219 (1)
695 2174 796 2208 Nous
815 2187 859 2208 ne
879 2186 1041 2220 pomons
1067 2174 1209 2217 domer,
1234 2176 1374 2222 (Fapres
1400 2177 1433 2211 le
1453 2178 1682 2224 temoignage
1708 2177 1770 2211 des
1795 2177 1986 2213 annalistes

584 2233 732 2281 anglais,
747 2245 816 2279 que
830 2232 1070 2268 Parrestation
1087 2235 1234 2270 d’Odon
1254 2236 1340 2270 n’ait
1357 2249 1400 2271 eu
1419 2236 1492 2270 lieu
1510 2236 1598 2270 (lans
1616 2236 1810 2270 l’automne
1825 2236 1869 2271 de
1887 2237 1984 2273 1082.

584 2294 654 2327 Par
676 2294 898 2338 consequent
920 2304 956 2325 sa
979 2294 1148 2339 captivit&
1173 2293 1249 2328 doit
1268 2296 1366 2328 avoir
1387 2294 1478 2329 dure
1494 2295 1577 2341 cinq
1595 2307 1657 2328 ans
1677 2307 1724 2329 ou
1742 2297 1824 2341 pres
1842 2295 1887 2330 de
1904 2296 1987 2343 cinq

586 2364 660 2386 ans.
679 2353 829 2386 Comme
846 2352 1027 2398 Gregoire
1047 2353 1119 2386 ΠΙ
1139 2366 1183 2387 ne
1198 2361 1347 2388 mourut
1363 2367 1432 2402 que
1448 2354 1479 2388 le
1491 2357 1534 2396 24
1549 2354 1618 2388 mai
1638 2353 1722 2388 1085
1739 2381 1747 2397 ,
1769 2366 1816 2388 on
1834 2355 1907 2389 voit
1918 2367 1987 2402 que

586 2411 809 2445 l'amhitieux
825 2411 939 2457 prelat
952 2412 1045 2445 avait
1056 2412 1165 2446 voulu
1180 2415 1352 2459 preparer
1367 2413 1571 2460 longtemps
1586 2413 1752 2448 d'avance
1764 2425 1818 2448 ses
1829 2426 1987 2449 mesni-es

586 2482 679 2517 pour
697 2470 748 2503 lui
767 2469 949 2504 succeder.

632 2532 682 2575 (2)
700 2529 893 2565 Planciade
914 2530 1114 2577 Fulgence,
1137 2533 1248 2578 qu'on
1266 2533 1358 2566 croit
1376 2532 1474 2566 avoir
1492 2534 1627 2578 occupe.
1645 2532 1677 2565 le
1695 2532 1791 2579 siege
1808 2531 1987 2579 episcopal

587 2589 631 2623 de
654 2590 836 2635 Carthage
864 2602 908 2622 au
934 2600 984 2623 we
1006 2591 1128 2633 siecle,
1150 2604 1169 2624 a
1196 2594 1252 2626 ete.
1271 2592 1453 2626 confondu
1474 2605 1538 2639 par
1556 2592 1731 2639 quelques
1751 2600 1890 2627 savants
1907 2603 1987 2627 avec

586 2649 679 2682 saint
697 2648 898 2695 Fulgence‚
916 2649 1050 2695 e'vfique
1070 2650 1114 2684 de
1137 2651 1269 2697 Ruspe.
1297 2651 1369 2685 Son
1391 2663 1546 2697 ouvrage
1573 2663 1618 2685 en
1640 2651 1730 2685 trois
1747 2650 1852 2686 livres
1871 2663 1931 2685 sur
1956 2650 1987 2684 la

586 2708 832 2754 Myffiologie,
863 2707 1006 2742 adresse
1031 2711 1049 2742 ἐι
1077 2722 1125 2744 un
1155 2711 1277 2757 pretre
1305 2712 1451 2744 nomme
1481 2711 1609 2752 Catus,
1637 2722 1656 2742 a
1684 2711 1740 2744 ete
1772 2710 1941 2757 imprime
1969 2711 1986 2743 Ξι

586 2767 805 2813 Augsbourg
822 2779 864 2800 en
890 2768 995 2813 1507,
1017 2769 1032 2800 ἐι
1052 2768 1131 2801 Bate
1150 2781 1192 2802 en
1216 2769 1321 2811 1545,
1343 2776 1377 2802 et
1397 2771 1412 2802 ii
1430 2769 1573 2802 Geneve
1591 2781 1634 2802 en
1658 2767 1754 2815 1599.
