2033 3445
65 277 201 328 [1094]
541 273 695 312 LIBER
722 273 969 313 OCTAVUS.
1382 275 1462 315 419

64 361 274 428 perculsa
298 360 590 416 rumoribus,
614 360 865 423 expalluit,
897 359 1008 404 etin
1032 369 1184 405 castro
1214 360 1463 407 certitudi—

61 457 171 487 nem
192 439 260 485 rei
282 456 388 485 cum
407 439 498 484 suis
519 436 785 502 praestolari
808 435 1032 482 decrevit.
1061 436 1150 482 Sed
1174 437 1269 482 sola
1293 439 1466 485 mulier

63 526 225 565 contra
242 532 463 579 procaces
482 516 625 569 viros,
646 513 775 578 quod
793 512 880 558 sibi
895 511 1078 558 bonum
1095 511 1360 570 videbatur,
1386 513 1465 560 de-

61 591 250 640 fendere
274 609 372 638 non
396 592 568 655 potuit.
601 592 779 646 Porro,
810 590 900 635 illis
923 589 980 635 de
1003 600 1156 636 castro
1178 589 1468 653 egredienti-

61 670 147 716 bus
157 680 203 716 et
216 669 517 732 impudenter
529 665 913 721 vociferantibus,
926 665 1195 713 Rodbertus
1210 667 1470 713 Belesmen-

64 748 139 805 sis,
158 757 396 809 comperta
414 744 679 810 hujusmodi
698 762 772 802 re,
796 745 954 790 statim
973 744 1108 790 affuit
1118 780 1132 801 ,
1151 745 1470 791 munitionem

63 835 415 890 propugnatore
429 841 623 869 vacuam
643 822 844 886 reperit,
870 822 1001 868 facile
1022 822 1239 879 intravit,
1263 821 1472 885 penitus·

65 917 154 967 que
187 900 433 964 spoliavit,
467 900 762 964 flammisque
795 900 975 963 reliqua
1011 900 1348 945 concremavit.
1385 900 1472 945 In·-

67 978 207 1043 gressi
232 988 461 1035 castrum,
490 977 666 1024 lebetes
695 994 833 1040 super
863 977 992 1040 ignes
1016 978 1247 1022 ferventes
1272 977 1472 1022 invene-

67 1065 195 1113 runt,
225 1054 445 1101 carnibus
468 1055 652 1117 plenas,
684 1065 730 1100 et
746 1070 927 1099 mensas
946 1054 1177 1116 mappulis
1200 1063 1470 1116 coopertas,

67 1143 112 1179 et
133 1149 254 1178 escas
280 1150 389 1179 cum
418 1148 539 1195 pane
557 1148 696 1194 super
721 1132 954 1195 appositas
972 1168 984 1187 ,
1011 1131 1344 1195 Sagiensesque
1366 1146 1476 1177 mo-

66 1209 201 1257 nachi
231 1209 482 1257 brachium
512 1210 658 1256 sancti
691 1210 903 1256 Cenerici
936 1208 993 1255 de
1016 1208 1205 1255 ecclesia
1233 1207 1473 1263 tulerunt,

67 1298 111 1334 et
141 1289 189 1334 in
214 1289 372 1334 Sancti
397 1288 591 1334 Martini
617 1286 894 1334 coenobium
918 1296 1193 1333 reverenter
1218 1285 1478 1331 transtule-

66 1376 193 1412 runt.
216 1366 336 1412 Nam
356 1366 538 1430 reliqua
558 1383 666 1429 pars
686 1365 898 1428 corporis
922 1366 1018 1428 ejus
1038 1364 1087 1409 in
1105 1363 1307 1409 Castello
1324 1361 1480 1409 Theo·

67 1441 213 1491 dorici
231 1460 371 1507 super
387 1444 653 1490 Maternam
670 1442 868 1489 fluvium
888 1443 958 1505 (1)
976 1452 1208 1499 servatur,
1227 1451 1275 1487 et
1293 1458 1315 1486 a
1333 1438 1480 1486 Gallis

68 1520 239 1568 celebri
264 1521 515 1567 devotione
539 1531 820 1568 veneranter
843 1520 1094 1567 excolitur.

130 1597 342 1662 Cumque
365 1598 625 1644 Geroianus
647 1597 707 1643 ab
727 1598 887 1643 amicis
911 1597 1045 1643 laetus
1070 1605 1408 1651 reverteretur,
1436 1604 1481 1640 et

67 1674 123 1722 de
145 1675 319 1722 damno
343 1676 543 1722 inimicis
569 1676 742 1722 iterum
766 1674 1009 1721 inferendo
1031 1676 1203 1720 frustra
1227 1671 1483 1718 meditare-

69 1763 163 1811 tur,
184 1754 293 1818 quia
312 1754 440 1800 nulla
464 1755 676 1817 potentia
697 1753 975 1799 mortalium
997 1752 1139 1815 longa
1158 1761 1249 1806 est,
1277 1749 1480 1796 adversis

68 1830 338 1878 rumoribus
362 1832 619 1894 perceptis,
649 1847 705 1876 ex
737 1830 975 1892 insperato
1000 1829 1265 1874 confractus
1291 1836 1375 1872 est.
1405 1826 1481 1872 Sic

69 1905 241 1953 nobilis
259 1908 394 1953 miles
410 1907 632 1970 protinus
652 1904 958 1952 exheredatus
975 1914 1061 1961 est,
1080 1914 1127 1949 et
1143 1913 1481 1949 extraneorum

70 1981 267 2047 hospitia
292 1984 399 2030 exul
415 1995 631 2048 repetere
653 1993 839 2030 coactus
859 1993 943 2029 est.
964 1981 1148 2029 Eodem
1174 1997 1318 2036 anno,
1336 1978 1482 2026 Rade-

69 2060 255 2124 gundis,
274 2078 396 2108 uxor
410 2062 522 2126 ejus,
535 2060 684 2125 proba
695 2061 868 2108 femina
880 2070 925 2106 et
937 2059 1148 2116 honesta,
1163 2057 1379 2104 defuncta
1390 2068 1477 2103 est.

71 2136 218 2198 Quam
229 2138 371 2202 paulo
387 2150 494 2202 post
504 2138 784 2185 Guillelmus
797 2138 963 2195 infans,
978 2137 1100 2183 filius
1110 2137 1220 2201 ejuS,
1229 2134 1481 2182 moriendo

73 2225 251 2261 secutus
271 2226 356 2273 est,
378 2232 522 2280 quem
542 2214 811 2262 Rodbertus
828 2214 1132 2261 Belesmensis
1157 2212 1370 2260 obsidem
1394 2212 1482 2258 ha-

72 2289 254 2349 buerat,
273 2304 320 2340 et
333 2310 420 2356 per
434 2311 601 2340 manus
617 2292 848 2341 Rodberti
865 2292 922 2339 de
934 2291 1141 2355 Poileio(
1149 2292 1214 2355 2),
1230 2302 1284 2338 ut
1296 2291 1479 2347 dicunt,

72 2385 254 2418 veneno
278 2371 558 2418 extinxerat.

136 2446 395 2495 Geroianus
423 2450 581 2514 itaque
596 2485 609 2507 ,
645 2460 716 2496 tot
746 2449 1015 2496 infortuniis
1038 2449 1173 2495 laesus
1188 2483 1203 2506 ,
1227 2445 1284 2492 ad
1307 2446 1484 2493 amicos

119 2597 168 2641 (1)
187 2597 519 2634 Chateau-Thierri
538 2612 600 2634 sur
619 2601 756 2634 Marne.

120 2655 169 2700 (2)
195 2656 479 2692 Probablemcnt
505 2659 639 2702 Ponit»,
669 2658 978 2694 arrondissement
1003 2657 1047 2692 de
1072 2658 1120 2692 La
1142 2657 1286 2691 Fleche.
1313 2655 1414 2690 liude
1441 2654 1485 2688 de

76 2712 188 2749 Poille
214 2716 328 2761 figure
353 2730 494 2752 comme
520 2719 656 2753 teinoin
677 2719 765 2752 dans
789 2730 859 2752 une
880 2718 1005 2753 charte
1023 2717 1067 2752 de
1086 2717 1227 2752 Robert
1245 2715 1290 2749 dc
1310 2714 1483 2755 Belleme,

78 2784 156 2807 sous
176 2774 205 2809 la
227 2775 308 2811 date
328 2777 372 2811 <le
395 2790 491 2824 1092.
