2085 3455
583 292 655 327 ιω,
946 286 1183 323 fflsTORm
1218 285 1618 324 ecetesiAs'ricA.
1708 288 1978 336 mosi-1084]

578 392 766 429 norum,
786 373 1248 437 Lotharingensium‚
1263 373 1555 437 aliarumque
1569 373 1784 437 gentium
1801 389 1983 418 coacer-

577 454 716 509 vavit,
743 452 926 497 Italiam
949 451 1183 497 violenter
1208 451 1442 514 ingressus
1467 450 1757 513 penetravit,
1785 449 1984 496 Romam

577 529 760 578 obsedit
783 541 829 577 et
852 530 1155 593 expugnavit.
1177 529 1329 575 Porro
1348 529 1590 586 Romanis,
1617 545 1707 591 pro
1733 527 1985 590 cupiditate

577 626 856 666 munerum,
892 624 997 672 quae
1037 607 1127 652 illis
1160 605 1502 669 spoponderat,
1541 622 1637 652 sese
1678 604 1980 661 dedentibus,

575 685 741 732 urbem
755 685 894 747 cepit.
918 683 1204 746 Gregorium
1220 682 1338 728 Vllffl
1359 682 1416 728 de
1433 681 1539 728 sede
1563 683 1818 745 apostolica
1843 698 1986 744 expu-

574 765 651 819 lit,
681 773 726 809 et
742 761 1057 815 W‘itbertum,
1076 759 1422 805 Ravennatium
1442 759 1796 822 metropolitam
1810 795 1820 813 ‚
1844 759 1882 804 ei
1904 775 1984 804 ne-

573 841 687 886 farie
702 838 994 902 subrogavit.
1016 837 1150 881 Tunc.
1171 836 1427 899 Gregorius
1442 835 1766 881 Beneventum
1783 836 1984 891 secessit,

573 927 619 962 et
633 917 836 961 maxima
852 913 1093 968 (lisseium,
1114 912 1161 957 in
1179 910 1295 958 orbe
1312 922 1433 967 orta,
1455 928 1682 975 magnum
1698 910 1804 957 filiis
1825 911 1985 958 Eccle—

573 996 650 1038 siae
671 993 1010 1038 detrimentum
1031 989 1294 1053 generavit,
1314 986 1431 1033 etad
1447 988 1708 1034 multorum
1727 988 1985 1051 perniciem

571 1070 651 1116 diu
675 1070 950 1133 permansit.
979 1067 1235 1131 Gregorius
1259 1066 1389 1111 enim
1413 1065 1532 1129 Papa
1549 1102 1560 1122 ‚
1588 1066 1668 1129 qui
1694 1064 1985 1111 Hildebran-

573 1166 659 1193 nus
696 1147 741 1192 in
777 1145 1056 1208 baptismate
1091 1143 1243 1189 dictus
1279 1143 1455 1199 suerat,
1483 1160 1507 1188 a
1546 1159 1691 1205 puero
1731 1141 1986 1188 monachus

570 1225 682 1280 fuit,
705 1224 931 1288 omnique
954 1223 1048 1268 vita
1070 1239 1147 1267 sua
1168 1220 1408 1284 sapientiae
1428 1230 1474 1266 et
1493 1220 1713 1284 religioni
1731 1219 1984 1270 admodum

572 1300 772 1359 studuit,
799 1300 1127 1364 assiduumque
1145 1310 1383 1345 certamen
1405 1308 1570 1345 contra
1589 1308 1831 1361 peccatum
1857 1315 1986 1343 exer-

573 1380 685 1425 cuit.
728 1379 816 1424 Per
852 1378 1061 1441 singulos
1096 1376 1266 1441 gradus
1302 1375 1725 1422 ecclesiasticorum
1762 1374 1986 1422 ordinum

572 1472 717 1521 usque
737 1454 794 1501 ad
827 1455 995 1500 summi
1024 1452 1322 1516 pontificatus
1353 1452 1531 1515 apicem
1558 1451 1790 1508 ascendit,
1820 1453 1868 1498 iu
1893 1469 1987 1516 quo

572 1532 805 1580 sexdecim
824 1533 958 1578 annis
976 1532 1128 1594 legem
1147 1531 1229 1576 Dei
1250 1531 1505 1594 vigilanter
1524 1529 1775 1576 observare
1791 1528 1983 1576 studuit.

573 1611 684 1658 Zelo
714 1612 890 1675 quippe
923 1609 1135 1655 veritatis
1169 1619 1215 1654 et
1241 1609 1435 1672 justitiae
1473 1607 1816 1664 inflammatus,
1845 1625 1988 1654 omne

572 1689 718 1735 scelus
761 1686 1012 1751 arguebat,
1061 1686 1275 1750 nullique
1313 1697 1477 1732 contra
1526 1685 1859 1732 rectitudinem
1898 1704 1988 1748 pro

579 1767 749 1811 timore
789 1781 868 1810 seu
900 1764 1060 1810 favore
1098 1762 1337 1826 parcebat.
1379 1762 1491 1808 {nde
1532 1764 1910 1826 persecutionem
1943 1774 1988 1809 et

573 1842 769 1888 exilium
793 1841 851 1887 ab
878 1840 1118 1887 indomitis
1150 1850 1197 1885 et
1223 1841 1338 1904 jugo
1369 1841 1557 1886 Domini
1590 1841 1841 1886 contrariis
1872 1856 1987 1903 per«

573 1921 703 1972 tulit,
729 1937 815 1966 nec
851 1930 1008 1964 tamen
1032 1917 1090 1964 ab
1125 1919 1188 1964 eis
1212 1916 1423 1982 qualibet
1455 1927 1554 1963 arte
1596 1918 1720 1963 vinci
1760 1934 1904 1982 usque
1931 1917 1987 1962 ad

573 2007 781 2043 mortem
804 1997 962 2060 potuit
986 1997 1123 2058 (1).·

580 2138 671 2171 n'est
688 2139 859 2183 compose
871 2165 880 2180 ,
893 2137 1064 2184 jusqu’au
1079 2138 1169 2171 recit
1183 2137 1227 2170 dc
1248 2137 1278 2171 la
1301 2144 1396 2171 mort
1410 2136 1454 2170 de
1472 2136 1504 2171 la
1526 2137 1624 2170 reine
1637 2136 1836 2179 Mathilde,
1857 2148 1928 2184 que
1944 2137 1989 2171 de

576 2208 768 2230 morceaux
781 2195 964 2239 detacheS,
981 2197 1056 2242 pris
1075 2199 1113 2243 951
1129 2204 1166 2231 et
1188 2196 1231 2231 151.
1254 2197 1324 2240 Ici,
1346 2197 1431 2231 c'est
1447 2209 1492 2231 au
1511 2195 1635 2230 milieu
1655 2196 1743 2230 d'un
1762 2197 1989 2243 paragraphe

574 2268 645 2303 que
671 2256 702 2289 la
730 2255 857 2290 lacune
885 2256 1008 2290 existe.
1043 2256 1106 2291 Les
1131 2269 1199 2291 uns
1217 2264 1283 2291 ont
1301 2258 1457 2303 suppose
1476 2268 1547 2303 que
1573 2268 1612 2290 ce
1631 2256 1693 2303 qui
1717 2256 1872 2302 precede
1895 2257 1988 2307 {ivai-t

574 2323 776 2362 appartenu
794 2317 1081 2362 primitis-emeat
1099 2330 1143 2351 au
1159 2317 1248 2352 livre
1264 2329 1320 2358 ιιι,
1335 2317 1385 2352 les
1404 2324 1524 2351 autres
1548 2328 1594 2350 au
1616 2316 1705 2351 livre
1725 2327 1773 2350 w.
1796 2317 1987 2352 Duchesne

548 2390 551 2393 ·
574 2383 627 2410 est
641 2375 727 2410 d’un
741 2377 813 2410 avis
825 2374 1006 2418 different,
1017 2383 1054 2411 et
1066 2389 1175 2423 pense
1188 2377 1277 2424 qu’il
1289 2377 1408 2411 demit
1418 2390 1439 2422 y
1454 2376 1551 2410 avoir
1565 2376 1610 2409 ici
1625 2387 1696 2409 une
1708 2376 1985 2423 recapitulationi

576 2434 637 2469 des
655 2438 886 2470 evenenients
905 2439 1070 2471 racontes
1090 2436 1177 2471 dans
1207 2437 1256 2471 les
1287 2437 1392 2470 livres
1422 2449 1456 2470 iv
1477 2443 1513 2470 ct
1534 2448 1565 2469 v.
1590 2432 1689 2470 Pbur
1708 2448 1819 2479 nom,
1842 2443 1922 2471 tout
1941 2449 1985 2471 en

575 2506 597 2540 y
622 2495 894 2529 reconnaissant
920 2495 1123 2530 l’existence
1149 2496 1258 2530 d’une
1286 2495 1412 2529 lacune
1440 2494 1623 2535 evidente,
1646 2506 1737 2528 nous
1762 2508 1807 2529 ne
1834 2507 1986 2542 croyons

576 2555 729 2601 pouvoir
754 2566 846 2588 nous
872 2567 1077 2600 prononccr
1096 2557 1134 2590 ni
1153 2568 1214 2590 sur
1233 2568 1297 2590 son
1315 2555 1490 2595 etenduc,
1514 2555 1550 2588 ui
1578 2566 1639 2588 sur
1660 2567 1724 2589 son
1744 2558 1929 2598 coutenus
1949 2557 1984 2590 ni

576 2626 637 2648 sur
655 2613 689 2647 la
705 2613 805 2660 place
823 2613 954 2661 qu'elle
973 2617 1141 2662 occupait
1159 2616 1247 2650 dans
1266 2615 1299 2649 le
1319 2614 1402 2662 plan
1422 2614 1582 2661 primitis
1596 2614 1641 2649 dc
1659 2615 1826 2650 l’autcur.

623 2675 673 2721 (ι)
697 2674 928 2720 Πρωρρνθω·
947 2675 1063 2710 Henri
1084 2677 1139 2713 IV
1159 2683 1194 2711 et
1211 2676 1405 2722 l'antipape
1421 2675 1582 2709 Guibert
1597 2676 1786 2710 entrerent
1807 2674 1985 2710 solenne]-

576 2732 711 2767 lement
731 2734 748 2766 ἐι
773 2732 888 2767 Rome
912 2732 944 2767 le
967 2734 1069 2777 jeudi
1092 2746 1129 2768 21
1154 2747 1250 2769 mars
1276 2734 1361 2776 1084
1389 2747 1451 2780 par
1482 2734 1514 2767 la
1532 2740 1638 2780 porte
1659 2733 1703 2767 de
1727 2736 1877 2774 Lati-am
1898 2740 1934 2768 et
1952 2733 1985 2766 le

576 2792 769 2827 dimanclic
789 2792 850 2826 dos
872 2792 1073 2833 Rameaux,
1095 2797 1138 2837 νύ,
1165 2795 1213 2828 (lu
1242 2795 1358 2829 nieme
1387 2795 1496 2833 mois,
1518 2794 1677 2828 Guibert
1702 2795 1756 2829 fut
1779 2795 1877 2828 sacre
1896 2793 1982 2827 dans
