2085 3455
602 312 678 348 298
970 307 1215 346 His'mfflA
1246 305 1650 345 EcclAEslAsrch.
1879 311 2012 362 [1088]

601 396 790 443 (lc-cedit
800 418 821 452 5
843 397 1179 458 servitiumque
1201 412 1341 440 sctum
1364 393 1669 458 tibifideliter
1684 393 1904 456 offirens,
1927 394 2014 441 hoc

601 491 633 519 a
651 484 693 518 te
719 484 929 519 castrum
941 473 1056 536 jure
1077 471 1297 533 requirit,
1320 470 1454 533 quod
1468 480 1610 532 patet·
1633 487 1748 515 suus
1767 470 1899 516 omni
1918 473 2014 517 vita

599 568 691 596 saa
726 550 1009 597 hereditario
1032 549 1146 608 jure
1181 547 1429 612 possedit,
1473 549 1622 593 tenuit
1659 558 1702 592 et
1739 551 1844 593 istie
1879 546 2009 593 obiit.

601 629 738 675 Tunc
756 628 1025 675 Rodbertus
1043 627 1137 672 dux
1164 627 1246 671 ista
1268 625 1572 689 poscentibus
1594 625 1728 671 facile
1753 625 1946 681 annuit,
1971 636 2017 672 et

601 705 847 752 Rodberto
882 705 1059 751 Geroio
1096 703 1340 750 castellum
1372 703 1530 749 Sancti
1553 703 1767 749 Cerenici
1794 701 2012 749 reddidit.

600 783 686 829 Ille
715 800 829 829 vero
865 784 962 828 sere
994 798 1143 827 xxxvl
1177 781 1312 826 annis
1337 780 1644 844 postmodum
1669 781 1845 838 tenuit,
1872 782 2018 828 muris

600 871 648 906 et
682 860 841 917 vallis,
870 859 1164 922 speculisque
1196 860 1264 918 (1)
1293 859 1523 915 munivit,
1558 870 1604 905 et
1638 863 1850 905 moriens
1880 858 2019 905 Guil-

601 937 754 984 lermo
780 947 828 983 et
851 935 1097 983 Rodberto
1116 934 1222 981 filiis
1244 937 1336 981 suis
1356 936 1626 1000 dereliquit.

666 1012 1024 1060 Habitatoribus
1061 1012 1195 1076 hujus
1227 1014 1475 1076 municipii
1514 1014 1646 1077 quies
1687 1024 1733 1059 et
1775 1031 1866 1076 pax
1902 1029 2020 1077 pene

600 1107 786 1154 semper
803 1090 975 1147 defuit,
1007 1089 1294 1153 finitimique
1322 1090 1757 1146 Cenomannenses‚
1784 1106 1863 1136 seu
1889 1090 2020 1137 Nor-

599 1169 764 1214 manni
786 1169 1028 1214 insistunt.
1052 1168 1363 1230 Scopulosum
1383 1178 1600 1214 montem
1621 1168 1856 1213 anfractus
1875 1167 2020 1214 Sartae

600 1246 810 1293 fluminis
830 1263 886 1293 ex
908 1245 1061 1292 tribus
1079 1245 1292 1309 partibus
1309 1245 1478 1302 ambit,
1502 1247 1550 1292 in
1568 1263 1664 1309 quo
1684 1256 1870 1291 sanctus
1889 1245 2022 1293 Cere-

602 1323 749 1379 nicus‚
763 1321 1059 1369 venerandus
1077 1324 1331 1372 consessor,
1350 1333 1566 1385 tempore
1583 1321 1850 1378 Milelmrdi,
1868 1321 2023 1386 Sagio-

599 1419 709 1450 rum
728 1400 984 1464 pontificis,
1008 1399 1255 1446 habitavit.
1280 1399 1349 1445 lbi
1368 1398 1614 1446 monachis
1631 1398 1908 1446 coenobium
1921 1399 2022 1445 fun-

602 1478 757 1535 davit,
782 1496 890 1525 cum
919 1479 1129 1542 glorioso
1159 1489 1291 1524 coetu
1312 1477 1510 1524 domino
1534 1478 1792 1534 militante,
1819 1477 2021 1541 vitaeque

602 1572 743 1601 cursu
767 1555 902 1601 beate
925 1566 1143 1619 peracto,
1174 1556 1311 1601 nonis
1336 1555 1448 1600 maii
1473 1555 1672 1601 feliciter
1695 1553 1753 1600 ad
1775 1554 2023 1600 dominum

603 1633 829 1695 migravit
850 1633 940 1696 (2).
964 1633 1179 1696 Denique
1201 1632 1372 1678 Carolo
1392 1632 1615 1695 Simplice
1638 1643 1890 1696 regnante,
1912 1631 2026 1678 dum

603 1711 856 1774 Hastingus
881 1711 1040 1756 Dauus
1075 1728 1183 1756 cum
1219 1710 1470 1774 gentilium
1503 1709 1735 1774 phalange
1759 1710 2026 1756 Neustriam

602 1788 916 1851 depopulatus
952 1799 1042 1845 est,
1076 1798 1292 1833 sanctum
1329 1804 1518 1850 corpus.
1541 1805 1565 1832 a
1603 1786 1821 1833 fidelibus
1848 1788 1897 1834 in
1933 1787 2024 1834 Ca—

603 1876 756 1913 strum
782 1866 1063 1913 Theoderici
1091 1867 1159 1928 (5)
1184 1866 1464 1912 translatum
1485 1876 1578 1922 est,
1606 1876 1652 1912 et
1675 1865 1894 1929 dispersis
1918 1882 2024 1912 mo-

605 1945 766 1991 nachis
785 1946 1130 1993 monasterium
1145 1943 1458 1991 destructum.
1484 1944 1762 1991 Succedenti
1780 1961 1895 1991 vero
1912 1955 2026 1991 tem-

603 2040 750 2086 pore,
786 2024 1053 2070 incolarum
1084 2024 1203 2069 facta
1229 2033 1297 2069 est
1323 2024 1542 2069 mutatio.
1572 2023 1872 2086 Sanguinarii
1900 2040 2024 2086 prae-

603 2101 749 2148 dones
775 2101 840 2147 ibi
874 2102 1150 2165 speluncam
1183 2101 1426 2148 latronum
1462 2100 1803 2158 condiderunt,
1830 2100 1912 2147 ubi
1943 2100 2028 2147 sub

606 2178 838 2243 regimine
855 2179 1012 2225 Sancti
1031 2178 1246 2225 Cerenici
1267 2189 1620 2242 contemptores
1634 2177 1799 2224 mundi
1820 2177 2028 2225 modeste

605 2257 868 2302 conversati
889 2268 998 2302 sunt
1010 2293 1022 2313 ,
1040 2268 1086 2303 et
1104 2258 1151 2302 in
1171 2256 1340 2303 ordine
1359 2256 1637 2303 monachico
1651 2258 1820 2321 jugum
1837 2255 2027 2304 Domini

608 2334 702 2381 fine
732 2345 865 2381 tenus
898 2347 1159 2399 gesserunt.
1187 2336 1392 2382 Centum
1417 2334 1728 2400 quadraginta
1745 2372 1756 2392 ,
1782 2346 1834 2381 ut
1857 2335 2025 2392 fertur,

606 2411 693 2458 sub
731 2413 929 2476 praefato
964 2412 1336 2459 archimandrita
1373 2414 1578 2459 cultores
1611 2411 1789 2458 ibidem
1823 2413 1869 2457 in
1895 2412 2027 2458 vinea

653 2584 704 2628 (i)
726 2584 777 2618 Ce
798 2591 877 2618 mot
896 2584 1040 2630 signilie
1058 2601 1062 2618 :
1082 2585 1256 2619 chambre
1275 2587 1293 2619 ἱι
1311 2585 1483 2627 coucher7
1503 2584 1703 2630 logement.

654 2644 705 2689 (2)
732 2644 835 2678 Saint
865 2644 1033 2687 Serenic,
1067 2646 1178 2692 (lifou
1210 2645 1351 2691 appelle
1378 2658 1423 2679 cn
1453 2644 1680 2679 Normandie
1709 2645 1803 2678 saint
1833 2644 1963 2679 Ceneri
1994 2649 2030 2678 ct

608 2703 728 2739 nieme
759 2704 853 2738 saint
876 2704 1041 2747 Celerin,
1068 2706 1145 2740 vint
1173 2706 1334 2740 s⁷ctahlir
1357 2718 1435 2739 vers·
1460 2705 1528 2752 (570
1550 2705 1639 2739 dans
1661 2705 1694 2738 le
1716 2704 1789 2738 lieu
1811 2702 1943 2750 auquel
1965 2703 1989 2736 il
2010 2716 2027 2736 a

611 2762 716 2797 laisse'
734 2775 798 2797 son
819 2775 924 2806 noni,
946 2770 981 2797 ct
1000 2764 1024 2797 il
1039 2778 1062 2810 y
1080 2772 1230 2799 mourut
1247 2764 1280 2798 lv
1300 2777 1318 2810 7
1338 2764 1408 2798 mai
1421 2793 1428 2807 ,
1452 2776 1593 2798 comme
1616 2764 1648 2798 lc
1667 2763 1722 2797 (lit
1740 2770 1846 2797 notre
1863 2769 2003 2798 auteur.

657 2821 707 2867 (Β)
733 2823 1080 2858 (matema-simiaerri.
