2033 3445
59 292 328 343 [1084-1085]
534 291 686 329 LIBER
714 292 979 330 SEPTIMUS.
1384 300 1451 335 181

119 377 436 441 Sichelguada,
457 377 789 424 uxorRoberti
808 378 1064 435 Wiscardi,
1089 378 1179 424 filia
1203 391 1304 426 erat
1323 381 1460 428 Guai-

59 454 226 501 malchi
257 454 386 501 ducis
421 448 727 500 Psalernitani
754 456 851 519 (i),
886 473 1115 521 sororque
1150 456 1314 503 Gis-ulfi
1353 460 1455 521 (a),

61 534 137 598 qui
165 532 335 579 ducatu
353 532 561 595 privatus
583 533 733 578 suerat
751 550 836 596 per
860 533 1043 579 avidam
1068 535 1358 581 invasionem
1378 552 1460 582 so-

61 610 174 656 rorii
197 610 283 655 sui.
306 610 417 655 Haec
439 609 770 656 Buamundnm
786 611 1058 675 privignum
1081 629 1214 657 suum
1241 611 1351 659 odio
1374 612 1460 658 ha-

58 687 219 743 bebat,
245 698 456 734 metuens
476 705 534 734 ne
552 705 638 751 per
655 705 761 734 eum
775 724 785 741 ,
808 689 914 753 quia
934 691 1106 736 sortior
1118 701 1242 746 erat,
1263 701 1310 736 et
1327 707 1463 737 sensu

57 764 291 828 multaque
340 763 577 827 probitate
623 764 832 827 pollebat
851 801 861 814 ,
916 766 1147 829 Rogerius
1194 766 1314 812 filius
1357 785 1463 813 suns

57 840 286 886 amitteret
309 838 530 885 ducatum
555 840 740 902 Apuliae
765 851 810 886 et
833 840 1062 887 Calabria?
1080 878 1091 897 ,
1114 843 1194 906 qui
1219 842 1304 888 sibi
1332 860 1463 889 com-

57 914 242 979 petebat
266 914 565 962 haereditario
584 917 706 980 jure.
735 915 871 962 Vnde
898 919 991 979 ipsa
1020 917 1281 964 lethiferam
1300 919 1463 982 potio-

54 1009 158 1039 nem
191 993 413 1051 confecit,
445 1004 489 1039 et
515 994 845 1039 Psalernitanis
872 994 1116 1040 archiatris
1148 995 1302 1051 misit,
1339 995 1464 1042 inter

50 1087 164 1133 quos
181 1071 385 1116 enutrita
409 1072 586 1128 suerat,
613 1082 658 1117 et
677 1090 701 1116 a
733 1071 903 1136 quibus
935 1073 1269 1119 veneficiorum
1300 1072 1463 1119 erudi-

49 1146 227 1194 tionem
257 1158 549 1211 perceperat.
576 1148 798 1194 Protinus
825 1149 907 1212 ipsi
938 1150 1232 1197 voluntatem
1255 1149 1462 1197 dominae

52 1233 96 1270 et
128 1224 330 1270 alumnae
370 1241 463 1270 suae
497 1237 856 1288 cognoverunt,
895 1237 940 1271 et
975 1226 1280 1283 Buamundo,
1319 1245 1463 1291 quem

55 1317 219 1347 curare
237 1299 498 1348 debuerant
513 1338 525 1358 ,
549 1302 676 1347 virus
696 1303 863 1349 mortis
890 1305 1217 1361 contuleruut,
1245 1323 1339 1369 quo
1361 1323 1464 1369 per-

56 1387 218 1440 cepto,
245 1375 300 1422 ad
323 1388 529 1424 mortem
553 1380 826 1442 aegrotavit,
866 1380 1083 1444 patrique
1110 1397 1193 1427 suo
1225 1398 1311 1443 per
1334 1400 1462 1428 nun-

55 1455 172 1500 tium
207 1455 485 1519 languorem
527 1473 662 1502 suum
698 1459 916 1519 protinus
962 1459 1213 1503 intimavit.
1258 1458 1462 1505 Callidus

52 1547 163 1578 vero
178 1530 273 1577 dux
291 1531 424 1578 dolos
440 1533 600 1578 uxoris
618 1550 711 1578 suae
736 1532 893 1579 subito
919 1533 1276 1591 animadvertit,
1295 1535 1462 1599 ipsam-

53 1623 142 1672 que
159 1618 268 1653 aute
287 1625 333 1654 se
354 1608 498 1654 tristis
519 1610 792 1666 accersiens,
816 1611 879 1656 sic
905 1611 1217 1675 interrogavit
1237 1632 1246 1657 :
1272 1614 1462 1659 Vivitne

56 1685 396 1743 Buamunrlns,
417 1686 640 1732 (lominus
659 1687 824 1734 meas?
838 1688 951 1747 Quae
969 1688 1213 1751 respondit
1234 1709 1243 1734 :
1264 1690 1458 1744 muscis),

55 1761 254 1808 domine.
282 1762 346 1808 At
379 1763 454 1809 ille
480 1783 490 1808 :
513 1764 696 1827 Afferle
713 1801 724 1819 ,
754 1766 932 1829 inquit,
961 1767 1078 1811 nn‘lzc'
1100 1777 1285 1812 lexfmn
1306 1772 1462 1814 sancti

53 1839 326 1902 Evangelii,
355 1842 652 1903 etgladium.
683 1842 860 1901 Quibus
880 1843 1055 1898 allatis,
1086 1843 1293 1907 gladium
1324 1863 1459 1892 acce-

52 1916 142 1979 pit,
166 1927 212 1963 et
240 1933 380 1980 super
402 1935 527 1963 sacra
553 1919 617 1965 sic
634 1920 812 1982 juravit
840 1940 848 1964 :
878 1921 1061 1978 Audis,
1088 1921 1454 1986 Sz'elzelguczda:

50 2011 135 2058 per
157 1994 245 2041 hoc
268 2006 489 2042 sanctum
511 1997 831 2061 Evangelium
849 1999 964 2062 juro
989 1999 1122 2062 qnod
1140 2001 1184 2045 si
1202 2001 1459 2047 Buamwz-

54 2071 290 2138 dusfilz‘us
317 2092 445 2120 meus
479 2074 568 2120 lzoc
606 2075 791 2131 morht),
832 2094 923 2140 (suo
956 2077 1209 2134 detinetur,
1247 2091 1457 2126 mortuus

38 2147 212 2212 fiterit,
248 2151 337 2198 hoc·
361 2169 468 2198 ense
499 2153 778 2216 interficiam
804 2165 859 2198 te.
898 2154 1049 2201 Porro
1074 2155 1151 2200 illa
1175 2156 1253 2201 tali
1281 2157 1458 2221 allega-

52 2226 175 2274 tione
192 2229 331 2275 nimis
350 2230 511 2276 territa
526 2266 538 2286 ,
565 2232 765 2276 salutare
784 2230 1049 2278 antidotum
1072 2235 1383 2296 praeparavit,
1412 2246 1458 2281 et

52 2303 236 2350 medicis
260 2306 377 2362 suis,
402 2323 486 2369 per
508 2324 624 2371 quos
645 2318 849 2354 mortem
874 2320 1147 2371 paraverat,
1168 2310 1455 2358 Psalerniam

52 2381 290 2428 confestim
312 2384 569 2429 transmisit
591 2385 839 2440 nuntium,
869 2386 947 2449 qui
977 2397 1026 2431 ut
1054 2385 1140 2432 sibi
1167 2388 1453 2450 periclitanti

53 2455 517 2517 adminicularentur,
548 2461 790 2507 blanditiis
821 2474 866 2508 et
891 2464 1109 2526 precibus
1138 2465 1324 2512 obnixis
1353 2468 1454 2514 sol-

91 2619 140 2664 (1)
156 2619 330 2655 Gaimard
351 2622 418 2661 JV,
440 2623 565 2669 prium>
585 2624 630 2657 ‹10
650 2624 796 2658 Salei-ue
813 2627 1064 2672 ζωῇ-1052).

89 2677 137 2723 (2)
154 2679 297 2714 Gisulse
317 2682 370 2722 H,
394 2682 446 2715 fils
465 2683 577 2728 puiuc
602 2684 647 2717 dc
667 2684 841 2718 (iaiinard
863 2686 915 2719 IV
940 2687 1188 2736 (105'2-1o77).
1212 2690 1262 2723 (Σο
1284 2692 1453 2737 seigneur

48 2738 157 2781 parait
175 2739 272 2774 axoir
288 2744 457 2775 consen-v(-
477 2742 505 2776 la
526 2745 778 2778 §miremini-lc
796 2744 962 2779 d’Anmlfi
979 2746 1147 2793 jucqu'en
1169 2748 1271 2786 1088.
1289 2756 1324 2784 ct
1340 2750 1453 2784 η’ὁΙΓο

51 2804 142 2831 mort
159 2799 264 2844 qn’en
291 2812 386 2845 ¹⁰97·
