2033 3445
76 267 194 314 [cmm
217 266 309 313 560]
574 258 726 297 LIBER
755 257 962 295 SEXTUS.
1419 257 1467 294 57

77 352 245 416 quietis
268 349 504 412 defugiam
519 346 589 409 (ι)
609 344 862 391 consecuti.
883 342 1097 402 Quorum
1115 343 1313 388 servitus
1330 360 1474 406 quan-

78 439 179 473 tum
202 426 370 480 libera,
395 433 578 469 tantum
606 421 705 466 Deo
726 418 1064 482 comprobatur
1088 419 1291 464 extitisse
1321 429 1468 481 grata.

78 505 274 550 Omnem
296 502 468 566 quippe
479 497 643 545 mundi
657 497 907 560 strepitum
918 496 1245 543 conculcantes
1259 494 1472 559 pedibus,

77 581 183 628 solis
217 577 511 625 inhaerebant
536 575 828 631 coelestibus3
857 584 904 620 et
927 574 1007 638 qui
1037 584 1202 620 cuncta
1228 583 1477 636 contemp-

76 668 254 714 serant,
281 667 456 720 praeter
477 655 625 701 Deum
650 653 768 700 nihil
793 652 1041 699 habebant.
1069 651 1204 698 Unde
1226 650 1346 697 bene
1369 668 1477 697 cum

75 731 433 797 psalmographo
464 742 652 778 cantare
684 741 960 777 meruerunt
985 749 993 774 :
1024 730 1191 776 Portc'o
1216 746 1346 786 Ῑηεα,
1373 729 1478 773 Do—

75 814 225 868 mine,
255 810 389 867 dixi,
417 809 655 855 custodire
682 809 830 871 legem
862 818 993 853 tuam
1020 808 1109 869 (2).
1138 806 1317 852 Summi
1337 823 1478 851 nam-

74 906 163 952 que
191 888 275 933 Dei
298 887 606 951 obsequentes
629 886 747 949 legi,
771 902 879 932 eum
901 885 1055 931 solum
1077 894 1264 947 partem
1286 884 1358 945 (5)
1391 901 1477 929 co-

74 964 311 1012 nabantur
335 964 541 1028 adipisci.
566 985 588 1007 »

140 1063 162 1084 «
189 1041 313 1086 Dum
337 1058 450 1104 ergo
475 1051 570 1087 tota
593 1039 834 1104 vigilantia
861 1038 1098 1084 interioris
1131 1036 1336 1084 hominis
1358 1054 1478 1100 pro-

73 1120 244 1165 fectum
288 1117 620 1182 adquirerent,
666 1133 817 1180 neque
859 1132 936 1162 eos
973 1125 1052 1160 aut
1095 1115 1185 1161 loci
1229 1114 1475 1177 asperitas,

74 1207 154 1242 aut
176 1196 432 1243 bestiarum
466 1195 621 1241 feritas
650 1212 672 1239 a
709 1193 952 1256 proposito
981 1191 1264 1246 deterreret,
1304 1192 1476 1237 'sactum

73 1284 141 1320 est
170 1285 221 1319 ut
237 1273 427 1337 quidam
446 1273 708 1327 latronum,
727 1271 806 1335 qui
825 1270 988 1315 silvam
1008 1269 1300 1324 incolebant,
1325 1267 1380 1314 ad
1404 1284 1481 1314 eos

76 1350 348 1397 diverteret.
384 1349 447 1395 Et
487 1348 722 1394 admirans
764 1365 928 1394 eorum
971 1347 1307 1404 constantiam,
1341 1357 1388 1391 et
1435 1346 1481 1391 in

78 1426 248 1473 Christi
298 1426 488 1472 servitio
529 1424 951 1488 perseverantiam,
999 1423 1063 1467 ait
1099 1442 1108 1467 :
1152 1424 1192 1467 ί)
1231 1420 1481 1478 monac-lli,

79 1523 185 1568 quse
216 1521 368 1550 Causa
399 1503 680 1548 turbationis
706 1519 790 1547 vos
813 1499 900 1546 llas
931 1511 1091 1564 partes
1128 1500 1280 1562 coegit
1313 1497 1483 1543 adires)

83 1583 177 1628 lvel
205 1580 442 1646 quomodo
462 1581 842 1645 praesumpsistis
871 1582 917 1623 in
950 1590 1083 1624 tanta
1113 1577 1347 1643 hospitari
1368 1577 1484 1623 soli-

81 1658 280 1706 tudine?
312 1659 421 1705 sVon
456 1660 685 1723 optimum
718 1657 875 1704 locum
900 1657 1155 1702 invenistis.
1184 1658 1264 1701 An
1293 1655 1484 1700 nescitis

80 1740 195 1803 quia
221 1737 298 1783 hic
321 1748 389 1783 est
413 1737 544 1783 Iocus·
571 1737 807 1781 latronum
838 1735 933 1796 (4),
963 1745 1006 1779 et
1028 1751 1123 1780 non
1150 1730 1486 1778 eremitarum?

77 1817 236 1876 Hujus
277 1817 480 1861 nemoris
523 1814 694 1860 incolce
745 1814 919 1876 rapina
961 1813 1125 1858 vivunt
1138 1849 1153 1869 ,
1195 1812 1485 1875 prsprioque

79 1896 282 1940 viventes
317 1893 499 1948 labore,
535 1901 769 1937 consortes
796 1891 901 1954 pati
922 1889 1103 1935 nolunt.
1131 1888 1243 1934 Nm
1277 1888 1361 1933 (liu
1400 1890 1486 1932 tuli

81 1971 154 2018 hic
189 1989 290 2017 esse
317 1972 530 2035 potestis.
566 1971 808 2015 Prceterea
841 1986 957 2014 arva
997 1967 1177 2013 inculta
1216 1976 1259 2011 et
1298 1967 1344 2011 ιή
1366 1963 1484 2011 ‘ruc-

83 2060 245 2104 tuoscz,
286 2060 536 2111 vestroque
573 2046 723 2092 labori
757 2047 996 2092 invenistis
1030 2046 1241 2108 ingrata.
1276 2041 1349 2088 Ad
1384 2041 1484 2088 haec

79 2125 358 2172 venerabilis
389 2136 522 2188 pater
554 2123 799 2180 EbrulsuS,
829 2134 879 2169 ut
900 2134 1000 2169 erat
1025 2123 1099 2168 vir
1119 2122 1367 2185 eloquens,
1395 2120 1486 2165 sin-

77 2204 181 2268 gula
203 2203 583 2267 propositionum
606 2213 869 2258 exsecutus,
894 2199 1137 2265 respondit
1163 2220 1173 2244 :
1203 2200 1350 2256 Vere,
1359 2195 1483 2262 fra-—

122 2413 523 2460 (1)quugium.(Mss.
544 2412 623 2447 Bec.
641 2419 677 2446 et
696 2411 853 2455 Conch.)

125 2476 177 2515 (2)
195 2472 325 2506 Psalm.
346 2484 467 2514 cxvm,
489 2470 548 2519 57.

124 2530 173 2576 (5)
192 2532 354 2566 Patrem.
375 2532 480 2578 (les.
504 2533 583 2566 Bec.
603 2538 640 2566 et
656 2531 812 2574 Conch.)

126 2592 174 2634 (4)
199 2592 300 2625 Nous
326 2604 416 2627 nous
444 2599 690 2638 permett1·ons
717 2591 761 2625 dc
779 2590 978 2625 demandes
1008 2602 1047 2624 ce
1065 2601 1137 2636 que
1155 2587 1220 2622 des
1238 2585 1378 2620 voleurs
1397 2596 1485 2631 pou-

79 2650 198 2684 raient
215 2652 312 2685 avoir
334 2655 352 2685 a
379 2651 562 2687 recueillix·
578 2651 667 2685 dans
687 2651 719 2685 la
741 2650 834 2685 soret
858 2649 903 2684 de
927 2641 1198 2685 Saint-l33v1·0ult
1212 2675 1220 2689 ‚
1241 2649 1258 2679 i«
1280 2646 1398 2680 moins
1416 2656 1486 2691 qne

80 2722 118 2742 ce
137 2722 181 2743 ne
201 2709 255 2743 sut
271 2711 317 2744 du
341 2712 456 2755 gibier
474 2724 568 2758 pour
586 2712 664 2746 leur
683 2711 912 2747 subsistance.
