2085 3455
616 325 692 360 228
981 320 1221 358 HISTORIA
1255 318 1657 356 ECCLESIASTICA.
1880 321 2018 369 [1087]

617 410 771 474 itaque
808 425 912 455 suos
948 406 1254 454 Guillelmum
1295 406 1463 451 Rufum
1487 441 1497 460 ,
1538 415 1583 450 et
1616 405 1899 459 Henricum,
1939 406 2017 468 qui

615 486 836 545 aderant,
881 496 926 532 et
965 483 1190 549 quosdam
1230 484 1491 530 amicorum
1531 483 1838 539 convocavit,
1882 492 1927 527 ct
1965 481 2021 528 de

616 566 749 629 regni
774 564 1073 612 ordinatione
1097 562 1330 625 sapienter
1355 580 1407 607 ac
1434 562 1638 606 multum
1669 559 1863 623 provide
1895 570 2022 606 trac-

618 653 716 688 tare
740 642 903 705 coepit.
930 640 1168 686 Robertus
1192 639 1316 685 enim
1345 639 1466 684 filius
1489 639 1606 702 ejus,
1634 638 1713 702 qui
1738 638 1888 701 major
1911 647 2024 683 natu

613 730 737 775 erat,
760 718 1036 765 multotiens
1053 716 1168 762 olim
1190 727 1355 762 contra
1376 727 1558 779 patrem
1579 732 1710 760 suum
1734 715 2021 777 litigaverat,

614 809 660 844 et
686 808 797 843 tunc
828 797 1016 842 noviter
1041 811 1130 857 pro
1156 793 1434 858 quibusdam
1466 794 1653 856 ineptiis
1681 792 1898 838 similiter
1925 803 2023 838 sto-⁴

614 874 879 931 machatus‚
916 871 973 919 ad
1007 889 1166 936 regem
1201 871 1498 917 Francorum
1531 870 1817 916 discesserat.
1848 869 2025 915 Verum

615 952 797 1015 sapiens
823 950 962 997 heros
988 951 1033 995 in
1058 951 1265 995 futurum
1297 949 1383 994 sihi
1408 949 1661 1012 multisque
1690 946 1934 993 commoda
1955 946 2026 991 sa·-

615 1045 720 1075 cere
752 1046 849 1075 non
884 1027 1088 1082 distulit,
1119 1043 1376 1090 omnesque
1410 1026 1651 1071 thesauros
1684 1041 1789 1080 suos
1826 1024 2027 1070 ecclesiis

615 1116 661 1150 et
695 1103 1005 1167 pauperibus,
1048 1103 1228 1166 Deique
1262 1102 1491 1148 ministris
1525 1100 1744 1147 distribui
1780 1100 2024 1164 praecepit.

615 1182 854 1242 Quantum
877 1198 992 1227 vero
1016 1180 1211 1245 singulis
1234 1179 1331 1226 dari
1360 1180 1536 1237 voluit,
1565 1179 1732 1225 callide
1756 1179 1956 1235 taxavit,
1984 1188 2029 1224 et

616 1276 777 1305 coram
800 1275 846 1304 se
868 1257 1068 1305 describi
1099 1275 1121 1302 a
1151 1257 1351 1304 notariis
1379 1257 1645 1319 imperavit.
1675 1256 1815 1302 Clero
1843 1272 2031 1320 quoque

616 1335 910 1382 Madantensi
934 1335 1129 1399 supplex
1155 1336 1362 1399 ingentia
1387 1334 1508 1381 dona
1533 1334 1682 1391 misit,
1716 1345 1767 1379 ut
1797 1332 1905 1379 inde
1930 1349 2030 1379 res—

618 1424 921 1460 taurarentur
960 1413 1192 1470 ecclesiae,
1235 1431 1348 1477 quas
1383 1411 1717 1458 combusserat.
1756 1412 1824 1457 De
1859 1411 1948 1457 fide
1987 1422 2031 1457 et

612 1490 787 1554 justitia
810 1488 1062 1545 servanda,
1088 1487 1144 1534 de
1168 1489 1271 1552 lege
1294 1489 1376 1534 Dei
1402 1499 1447 1534 et
1466 1505 1577 1551 pace
1601 1487 1801 1534 tenenda
1817 1523 1828 1542 ‚
1854 1486 1910 1533 de
1934 1487 2033 1550 pri—

616 1566 798 1631 vilegiis
827 1566 1154 1621 ecclesiarum,
1191 1576 1236 1611 et
1268 1566 1452 1611 statutis
1483 1576 1670 1629 patrum
1703 1563 2030 1621 observandis,

617 1660 779 1691 omnes
797 1645 877 1708 qui
899 1654 1155 1707 praesentes
1173 1654 1326 1702 erant7
1349 1642 1612 1698 admonuit,
1635 1653 1681 1688 et
1699 1643 2034 1689 allocutionem

616 1721 815 1784 perenni
848 1720 1076 1766 memoria
1106 1719 1324 1784 dignam,
1358 1718 1575 1764 admixtis
1606 1718 1845 1764 interdum
1878 1719 2034 1781 lacry-

621 1798 733 1854 mis,
761 1798 1042 1861 eloquenter
1066 1797 1129 1842 sic
1155 1795 1300 1842 edidit
1324 1816 1333 1841 :

683 1876 793 1923 XV.
821 1876 989 1922 Multis
1001 1913 1014 1933 ,
1036 1875 1045 1920 i
1054 1875 1214 1940 nquit,
1237 1893 1261 1920 o
1281 1875 1455 1931 amiel,
1480 1874 1803 1938 gravibusque
1821 1875 2035 1939 peccatis

618 1965 812 2000 onustus
839 1956 1173 2010 contremisco,
1202 1964 1245 1998 et
1260 1970 1374 1999 mox
1394 1952 1464 1998 ad
1483 1953 1775 1999 tremendum
1799 1952 1895 1997 Dei
1915 1970 2035 1998 exa-

619 2050 724 2078 men
754 2031 1043 2096 rapiendus,
1077 2031 1197 2094 quid
1206 2028 1409 2093 faciam
1433 2033 1619 2094 ignoro.
1646 2034 1705 2076 In
1736 2031 1884 2076 armis
1914 2033 2034 2075 enim

620 2110 682 2155 ab
707 2108 917 2173 infantia
935 2110 1143 2154 nfinitus
1164 2126 1267 2153 sum
1283 2146 1295 2165 ,
1319 2119 1361 2153 et
1379 2108 1521 2153 multi
1537 2109 1789 2172 sanguinis
1809 2108 2039 2172 effitsione

621 2187 884 2233 admodum
908 2187 1121 2251 pollutus
1152 2205 1273 2232 sum.
1305 2186 1597 2232 ZVullaz'enus
1624 2204 1898 2233 enumerare
1921 2205 2037 2251 pos—

621 2282 727 2310 sum
759 2264 914 2321 mala,
947 2282 1056 2328 quw
1076 2263 1187 2328 jeci
1217 2282 1305 2328 pet·
1335 2281 1443 2309 inv
1473 2264 1542 2327 (ι)
1574 2281 1750 2322 annos,
1787 2264 1955 2328 quibus
1989 2265 2036 2309 in

620 2342 712 2388 hac
747 2359 1019 2388 aerumnosa
1055 2344 1156 2388 vita
1193 2343 1333 2397 vimi,-
1366 2360 1454 2406 J)ro
1490 2341 1660 2405 quibus
1695 2341 1874 2405 absque
1906 2359 2038 2388 mora

623 2423 852 2467 rationem
878 2420 1074 2466 reddere
1099 2438 1227 2466 nunc
1251 2436 1399 2483 cogor
1420 2420 1690 2483 cequissirno
1703 2420 1882 2483 judici.
1908 2420 2037 2465 Dum

621 2509 761 2562 pater
793 2516 947 2551 meus,
982 2509 1149 2561 sponse
1179 2498 1430 2562 proficiens
1464 2498 1511 2542 z'n
1545 2497 1771 2553 exilium,
1807 2498 2040 2543 commisit

672 2709 723 2751 (1)
743 2707 794 2742 Ce
811 2706 939 2741 chiffre
958 2714 1010 2741 est
1031 2707 1190 2749 inexact,
1214 2719 1354 2742 comme
1373 2718 1464 2741 nous
1483 2719 1616 2741 venons
1636 2707 1717 2741 d’en
1741 2708 1829 2742 saire
1846 2707 2037 2741 l'observa-

623 2768 715 2801 tion.
730 2765 942 2802 Guillaume
958 2779 997 2799 va
1016 2765 1047 2800 lc
1063 2767 1199 2801 refuter
1215 2766 1416 2808 lui-meme,
1432 2778 1476 2800 en
1494 2765 1612 2801 disant
1627 2766 1714 2813 qu'il
1733 2767 1861 2801 n'avait
1874 2779 1944 2814 que
1957 2767 2037 2800 huit
2080 2784 2081 2787 =

626 2838 688 2860 ans
706 2838 750 2860 en
774 2823 875 2859 1035.
