2085 3455
552 340 601 376 86
916 337 1159 374 HISTORIA
1189 335 1588 374 ECCLESIASTICA.

551 440 659 469 men
679 423 945 470 Senlacium
962 423 1286 469 narrationem
1302 439 1428 468 suam
1450 422 1808 479 consummavit,
1830 422 1958 467 Guil-

552 502 786 566 lelmoque
806 502 902 566 regi
921 500 1253 547 sublimissimo
1271 518 1364 547 suae
1383 501 1535 565 gentis
1552 499 1728 548 obtulit
1747 500 1837 563 (1).
1856 500 1959 564 Ego

553 589 730 636 autem,
756 579 875 625 sicut
896 578 973 623 alii
997 577 1054 623 de
1078 576 1355 623 sublimibus
1381 577 1498 623 locis
1522 576 1579 623 ad
1603 576 1826 623 sublimes
1848 591 1960 639 per-

553 673 686 702 sonas
706 655 921 701 sublimia
940 653 1208 709 ediderunt,
1233 664 1278 700 et
1298 671 1370 700 res
1387 672 1577 718 magnas
1594 653 1841 718 magnifice
1861 670 1963 717 gra-

555 734 611 778 tis
641 733 939 789 extulerunt,
967 748 1132 777 eorum
1158 731 1375 794 exemplo
1401 742 1704 794 provocatus,
1733 730 1789 775 ad
1811 729 1963 775 simile

554 807 759 855 studium
796 825 987 867 assurgo
1005 843 1017 864 ,
1058 818 1105 853 et
1143 806 1346 870 plurima
1381 805 1657 870 jamdudum
1694 805 1865 852 dictavi
1906 803 1963 850 de

555 886 843 931 monasterio
870 886 919 930 in
943 883 1150 930 Uticensi
1173 883 1310 940 saltu,
1338 894 1550 947 tempore
1569 882 1809 928 Guillelmi
1834 879 1967 926 ducis

556 972 713 1024 postea
732 962 870 1025 regis,
890 960 1150 1007 honorifice
1168 971 1444 1007 restaurato.
1465 959 1595 1005 Nihil
1615 960 1790 1024 quippe
1809 957 1866 1004 de
1884 974 1964 1003 an-

558 1040 698 1103 tiquis
723 1038 1014 1102 temporibus
1035 1050 1140 1102 post
1166 1039 1414 1084 transitum
1439 1037 1585 1101 patris
1607 1035 1792 1083 Ebrulfi
1817 1035 1964 1097 scrip·

559 1127 657 1161 tum
678 1117 886 1179 reperire
904 1116 1061 1179 potui,
1092 1115 1290 1179 ideoque
1308 1115 1547 1178 praecipue
1570 1112 1779 1161 conabor
1799 1111 1969 1158 litteris

558 1192 781 1238 mandare
825 1210 930 1257 quae
969 1211 991 1237 a
1030 1192 1291 1238 senioribus
1329 1192 1484 1238 audivi
1504 1228 1516 1248 ,
1557 1192 1759 1255 qualiter
1798 1206 1967 1252 corpus

560 1271 704 1316 sancti
737 1270 1012 1318 confessoris
1044 1268 1101 1316 de
1126 1270 1230 1316 loco
1258 1286 1342 1316 suo
1367 1269 1647 1315 translatum
1671 1279 1737 1314 est
1759 1265 1964 1313 Ebrulfi.

561 1347 862 1393 Lectiuncula
880 1345 1107 1411 siquidem
1129 1347 1366 1409 reperitur
1386 1344 1508 1408 apud
1528 1344 1806 1401 Resbacum,
1829 1360 1970 1409 quam

562 1443 660 1472 non
683 1427 790 1471 satis
813 1424 1052 1488 approbo,
1078 1423 1200 1470 edita
1224 1424 1452 1469 nimirum
1478 1421 1537 1468 ab
1561 1432 1750 1469 auctore
1775 1421 1966 1485 ignaro,

563 1503 635 1550 cui
662 1520 759 1549 non
786 1503 951 1566 plene,
978 1512 1030 1547 ut
1051 1502 1242 1565 opinor,
1269 1501 1421 1564 patuit
1444 1516 1607 1546 rerum
1632 1510 1677 1546 et
1705 1510 1971 1562 temporum

564 1579 815 1628 certitudo.
844 1579 1044 1643 Oportet
1067 1595 1181 1642 ergo
1200 1588 1270 1635 ut,
1292 1577 1405 1623 dum
1425 1578 1614 1624 alterius
1634 1577 1853 1623 relationi
1875 1593 1971 1623 non

565 1658 885 1723 adquiescam,
924 1656 1041 1703 illud
1077 1655 1204 1721 quod
1237 1674 1261 1701 a
1293 1654 1556 1701 senioribus
1589 1653 1819 1718 indigenis
1847 1653 1969 1699 Utici

565 1735 829 1791 didicerim,
845 1733 1049 1781 evidenti
1067 1735 1243 1797 scripto
1259 1732 1490 1790 detexam,
1511 1732 1714 1796 qualiter
1724 1742 1769 1777 et
1785 1729 1974 1795 quando

567 1815 870 1879 Francigenae
890 1814 1142 1877 pretiosam
1165 1810 1447 1858 venerabilis
1469 1798 1655 1856 Ebrulfi
1678 1808 1974 1856 obtinuerint

569 1890 772 1955 glebam.

636 1968 912 2032 [942-943]
937 1967 1078 2013 Anno
1096 1965 1154 2012 ab
1173 1965 1502 2012 Incarnatione
1519 1963 1710 2010 Domini
1730 1970 1881 2008 Decce⁰
1899 1970 1977 2007 ΧΠ)

572 2055 661 2103 111⁰,
682 2057 932 2111 postquam
950 2044 1197 2101 Arnuisus,
1224 2041 1523 2088 Flandrensis
1544 2052 1748 2104 satrapa,
1773 2038 1976 2085 Guillel-

571 2141 703 2170 mum
713 2122 882 2169 ducem
892 2121 1295 2176 Normannorum,
1309 2129 1626 2183 cognomento
1637 2117 1978 2181 Longam-Spa-

571 2212 684 2258 tam,
710 2216 795 2263 per
819 2198 1141 2263 proditionem
1160 2197 1347 2254 occidit,
1376 2207 1420 2243 et
1442 2195 1666 2242 Ricardus
1690 2192 1974 2257 Sprotaides,

572 2279 692 2324 filius
703 2279 738 2342 ej
746 2296 797 2324 us
806 2276 1271 2333 decennis,ducatum
1282 2274 1591 2321 Normanniae
1602 2272 1817 2335 suscepit,
1831 2270 1980 2318 homi-

574 2356 798 2420 niumque
816 2366 861 2401 et
880 2353 1152 2400 fidelitatem
1171 2364 1451 2399 cunctorum
1473 2351 1754 2413 optimatum
1771 2359 1878 2394 ante
1898 2346 1980 2393 hu-

574 2433 830 2479 mationem
845 2432 987 2495 patris
999 2431 1247 2495 Rotomagi
1260 2430 1453 2492 accepit,
1467 2427 1730 2474 Ludovicus
1742 2442 1822 2471 rex
1837 2425 1981 2470 Fran-

574 2528 764 2568 corum,
804 2520 1122 2573 cognomento
1154 2507 1524 2563 Ultramarinus,
1557 2505 1604 2550 in
1637 2502 1980 2551 Normanniam

620 2652 670 2698 (1)
694 2653 720 2686 A
730 2665 751 2685 11
772 2651 865 2697 sujet
884 2651 928 2685 dc
945 2662 1003 2685 ces
1025 2650 1118 2684 deux
1137 2650 1334 2684 historiens
1352 2648 1396 2682 de
1411 2645 1652 2687 Nmmandie,
1675 2656 1780 2690 voycz
1804 2643 1980 2677 ci-dessus

576 2719 600 2743 1.
624 2712 677 2753 11,
701 2724 735 2756 p.
757 2722 775 2743 2
796 2717 831 2744 ct
849 2709 882 2745 5.
907 2710 1001 2743 Dans
1020 2708 1052 2742 le
1074 2708 1272 2742 manuscrit
1292 2707 1336 2741 dc
1359 2696 1650 2746 saint-Evroult,
1678 2716 1724 2737 011
1747 2710 1872 2736 trouve
1893 2713 1978 2735 con—

576 2778 766 2805 <iammoni
793 2772 939 2804 ‹allian-
960 2782 1003 2801 ιιιι
1033 2768 1100 2802 lieu
1128 2768 1170 2801 dv
1202 2768 1378 2801 ‹ulilimic⁴
1402 2772 1434 2799 ct
1458 2765 1673 2798 xnlliscisaemx
1699 2775 1742 2796 au
1763 2761 1832 2795 lien
1856 2760 1898 2794 (κ’
1924 2773 1975 2792 m-

578 2832 757 2864 laelsccimm
