<?xml version="1.0" encoding="UTF-8"?>
<!DOCTYPE html PUBLIC "-//W3C//DTD XHTML 1.0 Transitional//EN"
    "http://www.w3.org/TR/xhtml1/DTD/xhtml1-transitional.dtd">
<html xmlns="http://www.w3.org/1999/xhtml" xml:lang="en" lang="en">
 <head>
  <title>
</title>
<meta http-equiv="Content-Type" content="text/html;charset=utf-8" />
  <meta name='ocr-system' content='tesseract 3.04.00' />
  <meta name='ocr-capabilities' content='ocr_page ocr_carea ocr_par ocr_line ocrx_word'/>
</head>
<body>
  <div class='ocr_page' id='page_1' title='image "./ordericivitalish03ordeuoft/ordericivitalish03ordeuoft_0613.png"; bbox 0 0 2033 3445; ppageno 0'>
   <div class='ocr_carea' id='block_1_1' title="bbox 106 305 1516 360">
    <p class='ocr_par' dir='ltr' id='par_1_1' title="bbox 106 305 1516 360">
     <span class='ocr_line' id='line_1_1' title="bbox 106 305 1516 360; baseline -0.004 -12"><span class='ocrx_word' id='word_1_1' title='bbox 106 308 376 360; x_wconf 79' lang='lat'>[1096-1097]</span> <span class='ocrx_word' id='word_1_2' title='bbox 627 305 781 345; x_wconf 86' lang='lat' dir='ltr'>LIBER</span> <span class='ocrx_word' id='word_1_3' title='bbox 809 305 989 344; x_wconf 87' lang='lat' dir='ltr'><strong>NONUS.</strong></span> <span class='ocrx_word' id='word_1_4' title='bbox 1438 305 1516 345; x_wconf 81' lang='lat'>493</span> 
     </span>
    </p>
   </div>
   <div class='ocr_carea' id='block_1_2' title="bbox 104 391 1545 2542">
    <p class='ocr_par' dir='ltr' id='par_1_2' title="bbox 104 391 1545 2542">
     <span class='ocr_line' id='line_1_2' title="bbox 105 391 1516 452; baseline -0.003 -9"><span class='ocrx_word' id='word_1_5' title='bbox 105 396 359 443; x_wconf 83' lang='lat' dir='ltr'>necessaria</span> <span class='ocrx_word' id='word_1_6' title='bbox 374 430 386 452; x_wconf 91' lang='lat'>,</span> <span class='ocrx_word' id='word_1_7' title='bbox 410 405 540 441; x_wconf 81' lang='lat' dir='ltr'>extra</span> <span class='ocrx_word' id='word_1_8' title='bbox 561 392 729 440; x_wconf 85' lang='lat' dir='ltr'>urbem</span> <span class='ocrx_word' id='word_1_9' title='bbox 751 409 913 440; x_wconf 84' lang='lat' dir='ltr'>secure</span> <span class='ocrx_word' id='word_1_10' title='bbox 933 391 1240 438; x_wconf 75' lang='lat' dir='ltr'>cursitabant.</span> <span class='ocrx_word' id='word_1_11' title='bbox 1268 392 1356 438; x_wconf 83' lang='lat' dir='ltr'>Sed</span> <span class='ocrx_word' id='word_1_12' title='bbox 1385 394 1516 439; x_wconf 90' lang='lat' dir='ltr'>Tur—</span> 
     </span>
     <span class='ocr_line' id='line_1_3' title="bbox 105 469 1515 535; baseline -0.001 -16"><span class='ocrx_word' id='word_1_13' title='bbox 105 473 282 535; x_wconf 86' lang='lat' dir='ltr'>copolis</span> <span class='ocrx_word' id='word_1_14' title='bbox 307 482 355 519; x_wconf 87' lang='lat' dir='ltr'>et</span> <span class='ocrx_word' id='word_1_15' title='bbox 378 471 634 517; x_wconf 86' lang='lat' dir='ltr'>Pineinatis</span> <span class='ocrx_word' id='word_1_16' title='bbox 660 471 758 533; x_wconf 83' lang='lat'>(1),</span> <span class='ocrx_word' id='word_1_17' title='bbox 783 472 914 534; x_wconf 85' lang='lat' dir='ltr'>jussu</span> <span class='ocrx_word' id='word_1_18' title='bbox 937 469 1136 533; x_wconf 75' lang='lat' dir='ltr'>Augusti</span> <span class='ocrx_word' id='word_1_19' title='bbox 1162 470 1515 528; x_wconf 75' lang='lat' dir='ltr'>insidiantibus,</span> 
     </span>
     <span class='ocr_line' id='line_1_4' title="bbox 105 540 1545 612; baseline -0.001 -17"><span class='ocrx_word' id='word_1_20' title='bbox 105 548 317 612; x_wconf 82' lang='lat' dir='ltr'>quotidie</span> <span class='ocrx_word' id='word_1_21' title='bbox 362 548 600 612; x_wconf 81' lang='lat' dir='ltr'>peribant.</span> <span class='ocrx_word' id='word_1_22' title='bbox 653 547 879 594; x_wconf 83' lang='lat' dir='ltr'>Nondum</span> <span class='ocrx_word' id='word_1_23' title='bbox 915 546 1091 611; x_wconf 87' lang='lat' dir='ltr'>aliquid</span> <span class='ocrx_word' id='word_1_24' title='bbox 1126 546 1184 592; x_wconf 88' lang='lat' dir='ltr'>de</span> <span class='ocrx_word' id='word_1_25' title='bbox 1232 540 1545 610; x_wconf 34' lang='lat' dir='ltr'>imperatore*</span> 
     </span>
     <span class='ocr_line' id='line_1_5' title="bbox 104 623 1519 690; baseline -0.003 -17"><span class='ocrx_word' id='word_1_26' title='bbox 104 625 461 690; x_wconf 80' lang='lat' dir='ltr'>suspicabantur</span> <span class='ocrx_word' id='word_1_27' title='bbox 496 626 762 679; x_wconf 83' lang='lat' dir='ltr'>sinistrum,</span> <span class='ocrx_word' id='word_1_28' title='bbox 802 625 978 688; x_wconf 75' lang='lat' dir='ltr'>quippe</span> <span class='ocrx_word' id='word_1_29' title='bbox 1013 624 1094 687; x_wconf 78' lang='lat' dir='ltr'>qui</span> <span class='ocrx_word' id='word_1_30' title='bbox 1131 623 1425 670; x_wconf 70' lang='lat' dir='ltr'>voluntarius</span> <span class='ocrx_word' id='word_1_31' title='bbox 1455 626 1519 671; x_wconf 83' lang='lat' dir='ltr'>eis</span> 
     </span>
     <span class='ocr_line' id='line_1_6' title="bbox 104 700 1519 766; baseline -0.001 -18"><span class='ocrx_word' id='word_1_32' title='bbox 104 702 387 766; x_wconf 68' lang='lat' dir='ltr'>praebuisset</span> <span class='ocrx_word' id='word_1_33' title='bbox 419 701 695 764; x_wconf 85' lang='lat' dir='ltr'>hospitium.</span> <span class='ocrx_word' id='word_1_34' title='bbox 725 701 875 747; x_wconf 86' lang='lat' dir='ltr'>Nimis</span> <span class='ocrx_word' id='word_1_35' title='bbox 896 700 990 746; x_wconf 87' lang='lat' dir='ltr'>dux</span> <span class='ocrx_word' id='word_1_36' title='bbox 1016 700 1318 746; x_wconf 85' lang='lat' dir='ltr'>contristatus</span> <span class='ocrx_word' id='word_1_37' title='bbox 1340 712 1408 747; x_wconf 84' lang='lat' dir='ltr'>est</span> <span class='ocrx_word' id='word_1_38' title='bbox 1429 719 1519 765; x_wconf 85' lang='lat' dir='ltr'>pro</span> 
     </span>
     <span class='ocr_line' id='line_1_7' title="bbox 104 777 1514 842; baseline 0 -17"><span class='ocrx_word' id='word_1_39' title='bbox 104 780 288 826; x_wconf 77' lang='lat' dir='ltr'>defectu</span> <span class='ocrx_word' id='word_1_40' title='bbox 308 796 528 835; x_wconf 84' lang='lat' dir='ltr'>suorum,</span> <span class='ocrx_word' id='word_1_41' title='bbox 555 789 601 824; x_wconf 87' lang='lat' dir='ltr'>et</span> <span class='ocrx_word' id='word_1_42' title='bbox 632 778 886 842; x_wconf 80' lang='lat' dir='ltr'>inopinatis</span> <span class='ocrx_word' id='word_1_43' title='bbox 912 777 1090 824; x_wconf 85' lang='lat' dir='ltr'>insidiis</span> <span class='ocrx_word' id='word_1_44' title='bbox 1114 778 1514 841; x_wconf 88' lang='lat' dir='ltr'>Turcopolorum.</span> 
     </span>
     <span class='ocr_line' id='line_1_8' title="bbox 104 855 1520 920; baseline 0.001 -18"><span class='ocrx_word' id='word_1_45' title='bbox 104 856 361 903; x_wconf 84' lang='lat' dir='ltr'>Balduinus</span> <span class='ocrx_word' id='word_1_46' title='bbox 398 857 542 920; x_wconf 83' lang='lat' dir='ltr'>igitur</span> <span class='ocrx_word' id='word_1_47' title='bbox 579 855 635 901; x_wconf 89' lang='lat' dir='ltr'>ad</span> <span class='ocrx_word' id='word_1_48' title='bbox 661 873 856 903; x_wconf 89' lang='lat' dir='ltr'>suorum</span> <span class='ocrx_word' id='word_1_49' title='bbox 890 856 1239 919; x_wconf 88' lang='lat' dir='ltr'>protectionem</span> <span class='ocrx_word' id='word_1_50' title='bbox 1275 857 1444 915; x_wconf 81' lang='lat' dir='ltr'>exivit,</span> <span class='ocrx_word' id='word_1_51' title='bbox 1473 869 1520 904; x_wconf 85' lang='lat' dir='ltr'>et</span> 
     </span>
     <span class='ocr_line' id='line_1_9' title="bbox 104 933 1520 998; baseline 0.001 -18"><span class='ocrx_word' id='word_1_52' title='bbox 104 934 277 989; x_wconf 81' lang='lat' dir='ltr'>hostes,</span> <span class='ocrx_word' id='word_1_53' title='bbox 309 935 388 998; x_wconf 85' lang='lat' dir='ltr'>qui</span> <span class='ocrx_word' id='word_1_54' title='bbox 415 950 519 980; x_wconf 88' lang='lat' dir='ltr'>suos</span> <span class='ocrx_word' id='word_1_55' title='bbox 545 933 931 998; x_wconf 76' lang='lat' dir='ltr'>insequebantur,</span> <span class='ocrx_word' id='word_1_56' title='bbox 956 934 1154 989; x_wconf 86' lang='lat' dir='ltr'>invenit,</span> <span class='ocrx_word' id='word_1_57' title='bbox 1184 951 1240 979; x_wconf 83' lang='lat' dir='ltr'>ex</span> <span class='ocrx_word' id='word_1_58' title='bbox 1260 934 1520 997; x_wconf 86' lang='lat' dir='ltr'>improviso</span> 
     </span>
     <span class='ocr_line' id='line_1_10' title="bbox 107 1010 1519 1076; baseline 0.001 -19"><span class='ocrx_word' id='word_1_59' title='bbox 107 1012 315 1058; x_wconf 87' lang='lat' dir='ltr'>incautos</span> <span class='ocrx_word' id='word_1_60' title='bbox 340 1011 533 1067; x_wconf 80' lang='lat' dir='ltr'>invasit,</span> <span class='ocrx_word' id='word_1_61' title='bbox 560 1012 823 1074; x_wconf 84' lang='lat' dir='ltr'>superavit,</span> <span class='ocrx_word' id='word_1_62' title='bbox 855 1011 1027 1074; x_wconf 86' lang='lat' dir='ltr'>partim</span> <span class='ocrx_word' id='word_1_63' title='bbox 1063 1010 1257 1068; x_wconf 83' lang='lat' dir='ltr'>occidit,</span> <span class='ocrx_word' id='word_1_64' title='bbox 1280 1013 1519 1076; x_wconf 76' lang='lat' dir='ltr'>sexaginta</span> 
     </span>
     <span class='ocr_line' id='line_1_11' title="bbox 104 1087 1521 1152; baseline 0.001 -17"><span class='ocrx_word' id='word_1_65' title='bbox 104 1105 160 1135; x_wconf 84' lang='lat' dir='ltr'>ex</span> <span class='ocrx_word' id='word_1_66' title='bbox 182 1090 246 1135; x_wconf 89' lang='lat' dir='ltr'>eis</span> <span class='ocrx_word' id='word_1_67' title='bbox 271 1100 430 1152; x_wconf 84' lang='lat' dir='ltr'>captos</span> <span class='ocrx_word' id='word_1_68' title='bbox 450 1089 584 1135; x_wconf 61' lang='lat' dir='ltr'>fratri</span> <span class='ocrx_word' id='word_1_69' title='bbox 609 1106 691 1135; x_wconf 87' lang='lat' dir='ltr'>suo</span> <span class='ocrx_word' id='word_1_70' title='bbox 713 1088 1034 1151; x_wconf 63' lang='lat' dir='ltr'>praesentavit.</span> <span class='ocrx_word' id='word_1_71' title='bbox 1063 1087 1323 1152; x_wconf 87' lang='lat' dir='ltr'>Augustus,</span> <span class='ocrx_word' id='word_1_72' title='bbox 1353 1089 1443 1137; x_wconf 88' lang='lat' dir='ltr'>hoc</span> <span class='ocrx_word' id='word_1_73' title='bbox 1467 1102 1521 1137; x_wconf 83' lang='lat' dir='ltr'>ut</span> 
     </span>
     <span class='ocr_line' id='line_1_12' title="bbox 104 1165 1519 1229; baseline 0.001 -17"><span class='ocrx_word' id='word_1_74' title='bbox 104 1165 300 1222; x_wconf 88' lang='lat' dir='ltr'>audivit,</span> <span class='ocrx_word' id='word_1_75' title='bbox 315 1166 449 1211; x_wconf 81' lang='lat' dir='ltr'>valde</span> <span class='ocrx_word' id='word_1_76' title='bbox 473 1166 633 1222; x_wconf 87' lang='lat' dir='ltr'>iratus,</span> <span class='ocrx_word' id='word_1_77' title='bbox 656 1166 834 1211; x_wconf 86' lang='lat' dir='ltr'>malum</span> <span class='ocrx_word' id='word_1_78' title='bbox 853 1165 1114 1229; x_wconf 78' lang='lat' dir='ltr'>peregrinis</span> <span class='ocrx_word' id='word_1_79' title='bbox 1133 1165 1394 1212; x_wconf 84' lang='lat' dir='ltr'>machinari</span> <span class='ocrx_word' id='word_1_80' title='bbox 1415 1185 1519 1214; x_wconf 86' lang='lat' dir='ltr'>coe-</span> 
     </span>
     <span class='ocr_line' id='line_1_13' title="bbox 104 1241 1518 1307; baseline 0.002 -19"><span class='ocrx_word' id='word_1_81' title='bbox 104 1243 191 1307; x_wconf 87' lang='lat' dir='ltr'>pit.</span> <span class='ocrx_word' id='word_1_82' title='bbox 215 1244 407 1306; x_wconf 79' lang='lat' dir='ltr'>Sapiens</span> <span class='ocrx_word' id='word_1_83' title='bbox 421 1242 532 1298; x_wconf 82' lang='lat' dir='ltr'>dux,</span> <span class='ocrx_word' id='word_1_84' title='bbox 559 1242 692 1289; x_wconf 83' lang='lat' dir='ltr'>dolos</span> <span class='ocrx_word' id='word_1_85' title='bbox 711 1259 999 1306; x_wconf 68' lang='lat' dir='ltr'>praecavens,</span> <span class='ocrx_word' id='word_1_86' title='bbox 1023 1241 1191 1289; x_wconf 86' lang='lat' dir='ltr'>urbem</span> <span class='ocrx_word' id='word_1_87' title='bbox 1209 1243 1322 1289; x_wconf 84' lang='lat' dir='ltr'>exiit</span> <span class='ocrx_word' id='word_1_88' title='bbox 1336 1280 1347 1300; x_wconf 93' lang='lat'><strong><em>‚</em></strong></span> <span class='ocrx_word' id='word_1_89' title='bbox 1368 1255 1415 1290; x_wconf 90' lang='lat' dir='ltr'>et</span> <span class='ocrx_word' id='word_1_90' title='bbox 1437 1245 1518 1291; x_wconf 86' lang='lat' dir='ltr'>ubi</span> 
     </span>
     <span class='ocr_line' id='line_1_14' title="bbox 104 1320 1518 1383; baseline 0.002 -18"><span class='ocrx_word' id='word_1_91' title='bbox 104 1320 234 1383; x_wconf 88' lang='lat' dir='ltr'>prius</span> <span class='ocrx_word' id='word_1_92' title='bbox 254 1338 333 1365; x_wconf 86' lang='lat' dir='ltr'>sua</span> <span class='ocrx_word' id='word_1_93' title='bbox 360 1320 526 1365; x_wconf 74' lang='lat' dir='ltr'>fixerat</span> <span class='ocrx_word' id='word_1_94' title='bbox 548 1321 770 1377; x_wconf 84' lang='lat' dir='ltr'>tentoria,</span> <span class='ocrx_word' id='word_1_95' title='bbox 792 1337 954 1365; x_wconf 85' lang='lat' dir='ltr'>rursus</span> <span class='ocrx_word' id='word_1_96' title='bbox 973 1320 1241 1366; x_wconf 76' lang='lat' dir='ltr'>collocavit.</span> <span class='ocrx_word' id='word_1_97' title='bbox 1266 1321 1416 1368; x_wconf 87' lang='lat' dir='ltr'>Nocte</span> <span class='ocrx_word' id='word_1_98' title='bbox 1438 1341 1518 1368; x_wconf 87' lang='lat' dir='ltr'>su-</span> 
     </span>
     <span class='ocr_line' id='line_1_15' title="bbox 105 1398 1523 1462; baseline 0.001 -18"><span class='ocrx_word' id='word_1_99' title='bbox 105 1399 435 1461; x_wconf 86' lang='lat' dir='ltr'>perveniente,</span> <span class='ocrx_word' id='word_1_100' title='bbox 457 1399 587 1462; x_wconf 83' lang='lat' dir='ltr'>jussu</span> <span class='ocrx_word' id='word_1_101' title='bbox 605 1398 796 1444; x_wconf 79' lang='lat' dir='ltr'>Caesaris</span> <span class='ocrx_word' id='word_1_102' title='bbox 822 1398 976 1443; x_wconf 84' lang='lat' dir='ltr'>invasa</span> <span class='ocrx_word' id='word_1_103' title='bbox 998 1409 1109 1443; x_wconf 90' lang='lat' dir='ltr'>sunt</span> <span class='ocrx_word' id='word_1_104' title='bbox 1131 1408 1277 1444; x_wconf 82' lang='lat' dir='ltr'>castra</span> <span class='ocrx_word' id='word_1_105' title='bbox 1298 1398 1428 1445; x_wconf 89' lang='lat' dir='ltr'>ducis</span> <span class='ocrx_word' id='word_1_106' title='bbox 1442 1436 1455 1456; x_wconf 92' lang='lat'>,</span> <span class='ocrx_word' id='word_1_107' title='bbox 1475 1411 1523 1446; x_wconf 88' lang='lat' dir='ltr'>et</span> 
     </span>
     <span class='ocr_line' id='line_1_16' title="bbox 106 1475 1522 1539; baseline 0.001 -18"><span class='ocrx_word' id='word_1_108' title='bbox 106 1475 338 1522; x_wconf 84' lang='lat' dir='ltr'>exercitus</span> <span class='ocrx_word' id='word_1_109' title='bbox 372 1476 467 1539; x_wconf 84' lang='lat' dir='ltr'>ejus</span> <span class='ocrx_word' id='word_1_110' title='bbox 500 1475 661 1521; x_wconf 87' lang='lat' dir='ltr'>multis</span> <span class='ocrx_word' id='word_1_111' title='bbox 694 1475 930 1522; x_wconf 85' lang='lat' dir='ltr'>lacessitus</span> <span class='ocrx_word' id='word_1_112' title='bbox 964 1475 1163 1538; x_wconf 82' lang='lat' dir='ltr'>injuriis.</span> <span class='ocrx_word' id='word_1_113' title='bbox 1193 1475 1522 1539; x_wconf 79' lang='lat' dir='ltr'>Sagacissimus</span> 
     </span>
     <span class='ocr_line' id='line_1_17' title="bbox 105 1551 1523 1610; baseline 0.001 -12"><span class='ocrx_word' id='word_1_114' title='bbox 105 1552 201 1599; x_wconf 87' lang='lat' dir='ltr'>dux</span> <span class='ocrx_word' id='word_1_115' title='bbox 228 1563 275 1599; x_wconf 87' lang='lat' dir='ltr'>et</span> <span class='ocrx_word' id='word_1_116' title='bbox 298 1553 555 1599; x_wconf 87' lang='lat' dir='ltr'>acerrimus</span> <span class='ocrx_word' id='word_1_117' title='bbox 585 1552 789 1598; x_wconf 83' lang='lat' dir='ltr'>bellator</span> <span class='ocrx_word' id='word_1_118' title='bbox 813 1552 1040 1598; x_wconf 82' lang='lat' dir='ltr'>versutias</span> <span class='ocrx_word' id='word_1_119' title='bbox 1064 1551 1326 1610; x_wconf 79' lang='lat' dir='ltr'>metuebat,</span> <span class='ocrx_word' id='word_1_120' title='bbox 1354 1565 1401 1599; x_wconf 89' lang='lat' dir='ltr'>et</span> <span class='ocrx_word' id='word_1_121' title='bbox 1434 1571 1523 1599; x_wconf 91' lang='lat' dir='ltr'>ex—</span> 
     </span>
     <span class='ocr_line' id='line_1_18' title="bbox 107 1627 1522 1694; baseline 0.001 -18"><span class='ocrx_word' id='word_1_122' title='bbox 107 1629 372 1686; x_wconf 85' lang='lat' dir='ltr'>cubitores,</span> <span class='ocrx_word' id='word_1_123' title='bbox 401 1629 482 1693; x_wconf 86' lang='lat' dir='ltr'>qui</span> <span class='ocrx_word' id='word_1_124' title='bbox 510 1629 727 1675; x_wconf 86' lang='lat' dir='ltr'>tentoriis</span> <span class='ocrx_word' id='word_1_125' title='bbox 752 1628 1060 1684; x_wconf 82' lang='lat' dir='ltr'>excubarent,</span> <span class='ocrx_word' id='word_1_126' title='bbox 1085 1627 1347 1691; x_wconf 72' lang='lat' dir='ltr'>prudenter</span> <span class='ocrx_word' id='word_1_127' title='bbox 1369 1630 1522 1694; x_wconf 89' lang='lat' dir='ltr'>dispo-</span> 
     </span>
     <span class='ocr_line' id='line_1_19' title="bbox 107 1704 1518 1769; baseline 0 -17"><span class='ocrx_word' id='word_1_128' title='bbox 107 1716 286 1762; x_wconf 85' lang='lat' dir='ltr'>suerat,</span> <span class='ocrx_word' id='word_1_129' title='bbox 329 1716 376 1752; x_wconf 87' lang='lat' dir='ltr'>et</span> <span class='ocrx_word' id='word_1_130' title='bbox 411 1722 797 1769; x_wconf 82' lang='lat' dir='ltr'>unumquemque</span> <span class='ocrx_word' id='word_1_131' title='bbox 832 1704 920 1750; x_wconf 91' lang='lat' dir='ltr'>sibi</span> <span class='ocrx_word' id='word_1_132' title='bbox 965 1705 1162 1768; x_wconf 78' lang='lat' dir='ltr'>vigilare</span> <span class='ocrx_word' id='word_1_133' title='bbox 1200 1705 1518 1753; x_wconf 85' lang='lat' dir='ltr'>mandaverat.</span> 
     </span>
     <span class='ocr_line' id='line_1_20' title="bbox 108 1782 1525 1847; baseline 0.001 -18"><span class='ocrx_word' id='word_1_134' title='bbox 108 1783 298 1846; x_wconf 88' lang='lat' dir='ltr'>Repulsi</span> <span class='ocrx_word' id='word_1_135' title='bbox 323 1793 432 1828; x_wconf 89' lang='lat' dir='ltr'>sunt</span> <span class='ocrx_word' id='word_1_136' title='bbox 463 1782 742 1846; x_wconf 82' lang='lat' dir='ltr'>quantocius</span> <span class='ocrx_word' id='word_1_137' title='bbox 770 1783 1031 1838; x_wconf 84' lang='lat' dir='ltr'>invasores,</span> <span class='ocrx_word' id='word_1_138' title='bbox 1058 1792 1105 1827; x_wconf 88' lang='lat' dir='ltr'>et</span> <span class='ocrx_word' id='word_1_139' title='bbox 1128 1798 1184 1827; x_wconf 86' lang='lat' dir='ltr'>ex</span> <span class='ocrx_word' id='word_1_140' title='bbox 1206 1783 1296 1828; x_wconf 90' lang='lat' dir='ltr'>illis</span> <span class='ocrx_word' id='word_1_141' title='bbox 1320 1801 1386 1830; x_wconf 81' lang='lat' dir='ltr'>vn</span> <span class='ocrx_word' id='word_1_142' title='bbox 1413 1802 1525 1847; x_wconf 88' lang='lat' dir='ltr'>per-</span> 
     </span>
     <span class='ocr_line' id='line_1_21' title="bbox 107 1858 1524 1924; baseline 0.001 -18"><span class='ocrx_word' id='word_1_143' title='bbox 107 1860 304 1924; x_wconf 85' lang='lat' dir='ltr'>emptis,</span> <span class='ocrx_word' id='word_1_144' title='bbox 329 1876 472 1923; x_wconf 86' lang='lat' dir='ltr'>usque</span> <span class='ocrx_word' id='word_1_145' title='bbox 501 1858 555 1904; x_wconf 89' lang='lat' dir='ltr'>ad</span> <span class='ocrx_word' id='word_1_146' title='bbox 592 1869 779 1921; x_wconf 88' lang='lat' dir='ltr'>portam</span> <span class='ocrx_word' id='word_1_147' title='bbox 813 1858 1013 1904; x_wconf 87' lang='lat' dir='ltr'>civitatis</span> <span class='ocrx_word' id='word_1_148' title='bbox 1039 1858 1260 1905; x_wconf 85' lang='lat' dir='ltr'>audacter</span> <span class='ocrx_word' id='word_1_149' title='bbox 1291 1859 1524 1907; x_wconf 89' lang='lat' dir='ltr'>insecutus</span> 
     </span>
     <span class='ocr_line' id='line_1_22' title="bbox 109 1932 1520 1997; baseline 0.001 -16"><span class='ocrx_word' id='word_1_150' title='bbox 109 1947 179 1982; x_wconf 91' lang='lat' dir='ltr'>est</span> <span class='ocrx_word' id='word_1_151' title='bbox 213 1934 308 1981; x_wconf 86' lang='lat' dir='ltr'>dux</span> <span class='ocrx_word' id='word_1_152' title='bbox 347 1935 594 1997; x_wconf 73' lang='lat' dir='ltr'>fugientes.</span> <span class='ocrx_word' id='word_1_153' title='bbox 629 1933 809 1980; x_wconf 89' lang='lat' dir='ltr'>Deinde</span> <span class='ocrx_word' id='word_1_154' title='bbox 846 1932 903 1979; x_wconf 87' lang='lat' dir='ltr'>ad</span> <span class='ocrx_word' id='word_1_155' title='bbox 936 1934 1138 1980; x_wconf 86' lang='lat' dir='ltr'>tentoria</span> <span class='ocrx_word' id='word_1_156' title='bbox 1170 1953 1249 1980; x_wconf 87' lang='lat' dir='ltr'>sua</span> <span class='ocrx_word' id='word_1_157' title='bbox 1284 1952 1520 1994; x_wconf 81' lang='lat' dir='ltr'>reversus,</span> 
     </span>
     <span class='ocr_line' id='line_1_23' title="bbox 107 2010 1525 2076; baseline 0.001 -18"><span class='ocrx_word' id='word_1_158' title='bbox 107 2013 196 2058; x_wconf 71' lang='lat' dir='ltr'>suit</span> <span class='ocrx_word' id='word_1_159' title='bbox 221 2011 285 2058; x_wconf 85' lang='lat' dir='ltr'>ibi</span> <span class='ocrx_word' id='word_1_160' title='bbox 315 2011 526 2075; x_wconf 80' lang='lat' dir='ltr'>quinque</span> <span class='ocrx_word' id='word_1_161' title='bbox 551 2010 730 2056; x_wconf 83' lang='lat' dir='ltr'>diebus.</span> <span class='ocrx_word' id='word_1_162' title='bbox 769 2012 1035 2074; x_wconf 87' lang='lat' dir='ltr'>Imperator</span> <span class='ocrx_word' id='word_1_163' title='bbox 1071 2011 1263 2057; x_wconf 86' lang='lat' dir='ltr'>interim</span> <span class='ocrx_word' id='word_1_164' title='bbox 1287 2013 1525 2076; x_wconf 79' lang='lat' dir='ltr'>cogitabat</span> 
     </span>
     <span class='ocr_line' id='line_1_24' title="bbox 110 2088 1526 2155; baseline 0.001 -19"><span class='ocrx_word' id='word_1_165' title='bbox 110 2090 289 2136; x_wconf 85' lang='lat' dir='ltr'>malum</span> <span class='ocrx_word' id='word_1_166' title='bbox 316 2090 365 2135; x_wconf 92' lang='lat' dir='ltr'>in</span> <span class='ocrx_word' id='word_1_167' title='bbox 395 2088 563 2135; x_wconf 87' lang='lat' dir='ltr'>ducem</span> <span class='ocrx_word' id='word_1_168' title='bbox 597 2089 785 2146; x_wconf 87' lang='lat' dir='ltr'>moliri;</span> <span class='ocrx_word' id='word_1_169' title='bbox 823 2088 919 2134; x_wconf 85' lang='lat' dir='ltr'>dux</span> <span class='ocrx_word' id='word_1_170' title='bbox 953 2089 1182 2135; x_wconf 86' lang='lat' dir='ltr'>sollicitus</span> <span class='ocrx_word' id='word_1_171' title='bbox 1215 2089 1302 2135; x_wconf 88' lang='lat' dir='ltr'>sibi</span> <span class='ocrx_word' id='word_1_172' title='bbox 1339 2091 1526 2155; x_wconf 82' lang='lat' dir='ltr'>suisque</span> 
     </span>
     <span class='ocr_line' id='line_1_25' title="bbox 112 2167 1527 2233; baseline -0.001 -17"><span class='ocrx_word' id='word_1_173' title='bbox 112 2168 369 2216; x_wconf 80' lang='lat' dir='ltr'>consiliari.</span> <span class='ocrx_word' id='word_1_174' title='bbox 387 2168 652 2230; x_wconf 85' lang='lat' dir='ltr'>Imperator</span> <span class='ocrx_word' id='word_1_175' title='bbox 670 2167 710 2212; x_wconf 87' lang='lat' dir='ltr'>ei</span> <span class='ocrx_word' id='word_1_176' title='bbox 731 2167 979 2212; x_wconf 87' lang='lat' dir='ltr'>transitum</span> <span class='ocrx_word' id='word_1_177' title='bbox 994 2184 1079 2230; x_wconf 89' lang='lat' dir='ltr'>per</span> <span class='ocrx_word' id='word_1_178' title='bbox 1095 2167 1330 2214; x_wconf 78' lang='lat' dir='ltr'>civitatem</span> <span class='ocrx_word' id='word_1_179' title='bbox 1348 2170 1527 2233; x_wconf 86' lang='lat' dir='ltr'>regiam</span> 
     </span>
     <span class='ocr_line' id='line_1_26' title="bbox 111 2243 1527 2310; baseline 0.001 -19"><span class='ocrx_word' id='word_1_180' title='bbox 111 2245 397 2310; x_wconf 80' lang='lat' dir='ltr'>prohibere3</span> <span class='ocrx_word' id='word_1_181' title='bbox 425 2243 521 2290; x_wconf 86' lang='lat' dir='ltr'>dux</span> <span class='ocrx_word' id='word_1_182' title='bbox 552 2243 941 2308; x_wconf 84' lang='lat' dir='ltr'>subsequentium</span> <span class='ocrx_word' id='word_1_183' title='bbox 966 2244 1250 2307; x_wconf 85' lang='lat' dir='ltr'>optimatum</span> <span class='ocrx_word' id='word_1_184' title='bbox 1273 2244 1527 2293; x_wconf 87' lang='lat' dir='ltr'>adventum</span> 
     </span>
     <span class='ocr_line' id='line_1_27' title="bbox 113 2321 1525 2388; baseline 0.001 -19"><span class='ocrx_word' id='word_1_185' title='bbox 113 2333 377 2386; x_wconf 84' lang='lat' dir='ltr'>expectare.</span> <span class='ocrx_word' id='word_1_186' title='bbox 405 2322 620 2386; x_wconf 86' lang='lat' dir='ltr'>Denique</span> <span class='ocrx_word' id='word_1_187' title='bbox 639 2322 883 2385; x_wconf 87' lang='lat' dir='ltr'>perspicax</span> <span class='ocrx_word' id='word_1_188' title='bbox 900 2333 947 2368; x_wconf 91' lang='lat' dir='ltr'>et</span> <span class='ocrx_word' id='word_1_189' title='bbox 970 2321 1226 2369; x_wconf 86' lang='lat' dir='ltr'>industrius</span> <span class='ocrx_word' id='word_1_190' title='bbox 1248 2323 1525 2388; x_wconf 87' lang='lat' dir='ltr'>imperator,</span> 
     </span>
     <span class='ocr_line' id='line_1_28' title="bbox 113 2398 1529 2465; baseline 0.003 -21"><span class='ocrx_word' id='word_1_191' title='bbox 113 2409 167 2444; x_wconf 91' lang='lat' dir='ltr'>ut</span> <span class='ocrx_word' id='word_1_192' title='bbox 209 2398 330 2446; x_wconf 86' lang='lat' dir='ltr'>nihil</span> <span class='ocrx_word' id='word_1_193' title='bbox 369 2398 655 2444; x_wconf 85' lang='lat' dir='ltr'>intentatum</span> <span class='ocrx_word' id='word_1_194' title='bbox 691 2399 1011 2463; x_wconf 85' lang='lat' dir='ltr'>relinqueret,</span> <span class='ocrx_word' id='word_1_195' title='bbox 1055 2417 1163 2446; x_wconf 91' lang='lat' dir='ltr'>cum</span> <span class='ocrx_word' id='word_1_196' title='bbox 1203 2399 1320 2447; x_wconf 90' lang='lat' dir='ltr'>duce</span> <span class='ocrx_word' id='word_1_197' title='bbox 1368 2418 1529 2465; x_wconf 87' lang='lat' dir='ltr'>pacem</span> 
     </span>
     <span class='ocr_line' id='line_1_29' title="bbox 113 2475 1528 2542; baseline 0.003 -21"><span class='ocrx_word' id='word_1_198' title='bbox 113 2475 223 2523; x_wconf 74' lang='lat' dir='ltr'>fecit</span> <span class='ocrx_word' id='word_1_199' title='bbox 252 2496 262 2522; x_wconf 76' lang='grc' dir='ltr'>ε</span> <span class='ocrx_word' id='word_1_200' title='bbox 294 2475 422 2540; x_wconf 87' lang='lat' dir='ltr'>quod</span> <span class='ocrx_word' id='word_1_201' title='bbox 454 2477 490 2522; x_wconf 88' lang='lat' dir='ltr'>si</span> <span class='ocrx_word' id='word_1_202' title='bbox 521 2475 774 2523; x_wconf 84' lang='lat' dir='ltr'>Brachium</span> <span class='ocrx_word' id='word_1_203' title='bbox 800 2477 870 2539; x_wconf 84' lang='lat'>(2)</span> <span class='ocrx_word' id='word_1_204' title='bbox 902 2477 1249 2534; x_wconf 82' lang='lat' dir='ltr'>transfretaret,</span> <span class='ocrx_word' id='word_1_205' title='bbox 1276 2495 1461 2542; x_wconf 85' lang='lat' dir='ltr'>semper</span> <span class='ocrx_word' id='word_1_206' title='bbox 1487 2479 1528 2525; x_wconf 88' lang='lat' dir='ltr'>ei</span> 
     </span>
    </p>
   </div>
   <div class='ocr_carea' id='block_1_3' title="bbox 120 2618 1532 2843">
    <p class='ocr_par' dir='ltr' id='par_1_3' title="bbox 120 2618 1532 2786">
     <span class='ocr_line' id='line_1_30' title="bbox 164 2618 1531 2668; baseline 0.002 -16"><span class='ocrx_word' id='word_1_207' title='bbox 164 2618 215 2663; x_wconf 83' lang='lat'>(1)</span> <span class='ocrx_word' id='word_1_208' title='bbox 235 2619 302 2652; x_wconf 86' lang='lat' dir='ltr'>Les</span> <span class='ocrx_word' id='word_1_209' title='bbox 317 2618 544 2665; x_wconf 86' lang='lat' dir='ltr'>Turcopoles</span> <span class='ocrx_word' id='word_1_210' title='bbox 558 2619 695 2654; x_wconf 75' lang='lat' dir='ltr'>etaient</span> <span class='ocrx_word' id='word_1_211' title='bbox 712 2619 774 2654; x_wconf 78' lang='lat' dir='ltr'>(les</span> <span class='ocrx_word' id='word_1_212' title='bbox 794 2626 943 2666; x_wconf 84' lang='lat' dir='ltr'>troupes</span> <span class='ocrx_word' id='word_1_213' title='bbox 960 2619 1098 2667; x_wconf 73' lang='lat' dir='ltr'>legeres</span> <span class='ocrx_word' id='word_1_214' title='bbox 1114 2621 1294 2668; x_wconf 77' lang='lat' dir='ltr'>d&#39;criginc</span> <span class='ocrx_word' id='word_1_215' title='bbox 1313 2622 1463 2668; x_wconf 82' lang='lat' dir='ltr'>Turquc</span> <span class='ocrx_word' id='word_1_216' title='bbox 1483 2633 1531 2655; x_wconf 92' lang='lat' dir='ltr'>ou</span> 
     </span>
     <span class='ocr_line' id='line_1_31' title="bbox 120 2677 1532 2728; baseline 0.003 -18"><span class='ocrx_word' id='word_1_217' title='bbox 120 2677 327 2723; x_wconf 79' lang='lat' dir='ltr'>melangee,</span> <span class='ocrx_word' id='word_1_218' title='bbox 346 2679 364 2711; x_wconf 73' lang='lat' dir='ltr'>a</span> <span class='ocrx_word' id='word_1_219' title='bbox 382 2677 415 2712; x_wconf 85' lang='lat' dir='ltr'>la</span> <span class='ocrx_word' id='word_1_220' title='bbox 433 2678 532 2712; x_wconf 87' lang='lat' dir='ltr'>soldc</span> <span class='ocrx_word' id='word_1_221' title='bbox 547 2679 608 2714; x_wconf 84' lang='lat' dir='ltr'>des</span> <span class='ocrx_word' id='word_1_222' title='bbox 623 2691 834 2726; x_wconf 81' lang='lat' dir='ltr'>cmpercurs</span> <span class='ocrx_word' id='word_1_223' title='bbox 847 2679 982 2724; x_wconf 83' lang='lat' dir='ltr'>Grecs3</span> <span class='ocrx_word' id='word_1_224' title='bbox 1003 2680 1054 2716; x_wconf 86' lang='lat' dir='ltr'>les</span> <span class='ocrx_word' id='word_1_225' title='bbox 1073 2681 1336 2728; x_wconf 81' lang='lat' dir='ltr'>Pctschencyes</span> <span class='ocrx_word' id='word_1_226' title='bbox 1348 2709 1356 2725; x_wconf 89' lang='lat'>,</span> <span class='ocrx_word' id='word_1_227' title='bbox 1375 2681 1532 2716; x_wconf 79' lang='lat' dir='ltr'>d’autres</span> 
     </span>
     <span class='ocr_line' id='line_1_32' title="bbox 120 2736 925 2786; baseline 0.004 -15"><span class='ocrx_word' id='word_1_228' title='bbox 120 2743 270 2783; x_wconf 79' lang='lat' dir='ltr'>troupes</span> <span class='ocrx_word' id='word_1_229' title='bbox 287 2736 492 2772; x_wconf 84' lang='lat' dir='ltr'>auxiliaires</span> <span class='ocrx_word' id='word_1_230' title='bbox 504 2766 512 2781; x_wconf 93' lang='lat'>‚</span> <span class='ocrx_word' id='word_1_231' title='bbox 535 2738 715 2786; x_wconf 70' lang='lat' dir='ltr'>d&#39;origiuc</span> <span class='ocrx_word' id='word_1_232' title='bbox 734 2738 925 2774; x_wconf 78' lang='lat' dir='ltr'>Slavonue.</span> 
     </span>
    </p>

    <p class='ocr_par' dir='ltr' id='par_1_4' title="bbox 168 2794 506 2843">
     <span class='ocr_line' id='line_1_33' title="bbox 168 2794 506 2843; baseline 0.006 -14"><span class='ocrx_word' id='word_1_233' title='bbox 168 2795 220 2840; x_wconf 82' lang='lat'>(2)</span> <span class='ocrx_word' id='word_1_234' title='bbox 240 2794 288 2830; x_wconf 88' lang='lat' dir='ltr'>Le</span> <span class='ocrx_word' id='word_1_235' title='bbox 306 2796 506 2843; x_wconf 73' lang='lat' dir='ltr'>Bosphoro.</span> 
     </span>
    </p>
   </div>
  </div>
 </body>
</html>
