2033 3445
100 306 371 354 [1115-1116]
603 301 757 341 LIBER
785 299 992 338 SEXTUS.
1433 302 1499 339 131

102 390 150 435 in
186 405 422 437 carcerem
456 384 731 435 descendit?
766 385 951 432 Enarra
985 383 1102 430 mihi
1136 401 1241 449 quae
1272 396 1380 432 sunt
1409 387 1509 433 haec.

101 465 327 513 maleficia
354 475 448 511 tua.
477 469 589 530 Ipse
612 480 750 521 vero,
778 462 908 509 velut
931 472 1170 520 mortuus,
1200 462 1386 508 nullum
1409 481 1508 509 om-

101 544 216 589 nino
242 542 375 588 dedit
397 558 691 605 responsum.

170 621 221 666 T
216 637 308 666 unc
339 618 610 682 Raduffus,
651 617 823 665 videns
854 617 1094 681 quomodo
1124 617 1376 682 compedes
1415 618 1513 663 illar

80 695 270 761 fractce
287 696 519 762 fuerant,
560 696 763 743 audiens
796 696 939 742 etiam
966 713 1062 761 per
1093 698 1277 742 socium
1310 696 1414 761 ejus
1453 696 1513 741 de

91 778 312 841 personis
338 775 514 833 tribus,
543 792 651 839 quce
682 792 789 821 cum
819 773 1000 820 lumine
1029 790 1269 820 carcerem
1299 774 1513 821 intrave-

100 862 236 909 rant,
267 851 328 898 de
350 852 506 899 verbis
530 869 641 916 quoe
665 853 839 898 locutce
844 848 1078 914 fuerant,
1105 851 1164 897 de
1193 853 1349 898 sonitu
1375 869 1512 916 quem

80 927 333 993 fecerant,
355 939 401 976 et
417 929 799 977 animadvertens
819 928 926 975 lzoec
942 928 1269 975 indubitanter
1283 928 1514 976 divinitus

99 1011 373 1072 contigisse,
409 1008 721 1055 abundanter
748 1009 892 1072 coepit
907 1006 1053 1071 flere.
1080 1008 1148 1053 Et
1171 1024 1418 1054 conversus
1446 1008 1518 1053 ad

94 1088 348 1145 Bricstan,
379 1088 450 1133 ait
477 1105 488 1132 :
513 1086 705 1143 Frater,
741 1101 902 1132 servus
929 1102 1032 1131 sum
1067 1101 1155 1149 ego
1183 1085 1329 1131 sancti
1358 1085 1515 1131 Bene-

90 1163 233 1222 dicti,
261 1174 308 1211 εἴ
333 1174 505 1211 sanctae
533 1163 734 1228 virginis
761 1161 1057 1227 Egeldridae;
1088 1163 1136 1208 in
1162 1178 1329 1210 eorum
1353 1179 1514 1210 amore

95 1258 282 1290 mecum
305 1242 518 1306 loquere.
542 1243 610 1287 At
638 1241 718 1287 ille
742 1240 987 1306 respondit
1008 1258 1020 1285 .·
1046 1240 1093 1285 Si
1118 1256 1278 1286 servus
1297 1256 1343 1287 es
1361 1240 1514 1287 Sanc-

97 1330 257 1366 torum
271 1318 632 1383 praedictorum,
649 1317 804 1365 bonus
821 1328 889 1365 est
906 1317 1134 1365 adventus
1154 1329 1275 1364 tuus.
1298 1319 1387 1364 Ista
1399 1335 1512 1365 vero

95 1414 201 1461 quae
225 1395 353 1444 vides
379 1396 454 1443 vel
477 1395 606 1442 audis
629 1396 753 1442 circa
776 1412 853 1442 me
877 1405 1059 1458 patrata
1074 1428 1087 1452 -‚
1114 1412 1226 1441 vera
1251 1396 1364 1442 scias
1388 1413 1483 1442 esse
1498 1433 1509 1451 ,

95 1491 193 1521 non
226 1475 422 1539 magica.
461 1471 708 1537 Radulfus
739 1483 924 1530 autem,
956 1472 1321 1537 apprehendens
1349 1473 1508 1530 illum,

97 1551 167 1596 ad
176 1552 493 1616 praesentiam
516 1553 719 1614 reginae,
749 1562 792 1595 et
815 1549 1070 1596 multorum
1095 1553 1177 1613 qui
1196 1549 1403 1596 aderant
1422 1550 1512 1596 ba-

96 1645 286 1686 ronum,
303 1628 527 1692 gaudens
545 1639 588 1674 et
595 1628 802 1693 plorans
818 1627 981 1674 duxit.
1003 1628 1201 1674 Interim
1221 1646 1386 1675 rumor
1403 1628 1484 1674 ille
1496 1668 1509 1685 ,

93 1708 225 1752 ocior
241 1704 454 1769 qualibet
473 1703 687 1762 volucre,
715 1715 865 1751 totam
886 1705 1047 1751 urbem
1069 1704 1340 1752 Lundonice
1352 1723 1514 1770 pervo-

95 1782 226 1839 lans,
259 1799 405 1828 aures
428 1785 637 1828 omnium
654 1799 780 1846 pene
802 1783 972 1829 civium
1000 1784 1177 1847 attigit.
1217 1783 1354 1830 Tunc
1388 1785 1512 1830 cives

95 1858 308 1922 undique
335 1860 386 1904 in
415 1858 589 1904 coelum
620 1858 876 1904 clamorem
909 1857 1155 1916 attollunt,
1187 1861 1340 1905 omnis
1366 1877 1511 1906 sescus

95 1945 141 1979 et
159 1945 278 1981 oetas
297 1936 347 1980 in
368 1952 617 1981 commune
640 1952 808 1981 nomen
826 1936 1029 1982 Domini
1048 1935 1358 1994 benedicunt,
1381 1948 1425 1983 et
1443 1938 1514 1984 ad

95 2012 307 2069 curiam,
339 2011 421 2057 ubi
443 2011 642 2058 ductum
666 2029 765 2059 esse
790 2013 1071 2070 audierant,
1099 2025 1294 2060 currunt
1302 2035 1320 2071 ;
1348 2014 1511 2075 laery-

94 2104 200 2134 mas
231 2087 408 2134 lcetitiae
437 2088 781 2152 quamplurimi
791 2086 1048 2153 fundunt,-
1084 2092 1247 2136 eceteri
1276 2094 1513 2138 mirantur

95 2182 203 2229 quce
221 2165 389 2212 vident
404 2166 485 2211 vel
503 2167 729 2213 audiunt.
753 2167 946 2232 Regina
965 2185 1098 2226 vero,
1121 2169 1309 2233 gaudio
1330 2170 1510 2234 repleta

97 2242 226 2304 (erat
250 2245 373 2289 enim
399 2242 522 2289 bona
549 2243 840 2307 christiana)
862 2263 951 2308 pro
977 2247 1100 2292 tanti
1124 2249 1331 2293 novitate
1353 2247 1509 2293 mira-

96 2320 216 2378 culi,
237 2320 373 2385 jubet
387 2339 482 2387 per
503 2323 666 2367 omnia
690 2323 898 2368 civitatis
920 2326 1208 2370 monasteria
1231 2327 1370 2387 signa
1387 2325 1510 2389 pul-

93 2401 220 2457 sari,
248 2411 291 2445 et
312 2399 373 2445 ab
400 2402 533 2447 omni
553 2400 862 2447 ecclesiastici
884 2400 1066 2448 ordinis
1088 2413 1317 2448 conventu
1339 2402 1509 2449 laudes

95 2476 199 2524 Deo
223 2481 427 2525 cantari.
460 2479 671 2544 Cumque
697 2479 779 2525 ille
801 2480 1106 2545 quamplures
1133 2480 1360 2528 ecclesias
1383 2483 1508 2529 civi-

97 2559 230 2612 tatis,
271 2555 465 2603 devotas
506 2557 608 2602 Deo
642 2557 835 2621 gratias
869 2555 1096 2620 refferens,
1136 2576 1198 2604 ecc
1235 2559 1511 2606 abundanti

93 2632 279 2692 gaudio
314 2650 413 2680 suce
452 2634 745 2680 liberationis
780 2636 1023 2693 visitaret,
1065 2635 1202 2683 turba
1236 2637 1387 2683 mulla
1425 2656 1511 2701 per

93 2710 227 2755 vicos
253 2727 359 2756 eum
381 2712 669 2775 sequebatur
685 2723 728 2758 et
750 2712 1076 2776 prcecedebat,
1107 2725 1150 2759 et
1176 2718 1320 2778 quasi
1340 2733 1505 2761 noeum

95 2785 326 2833 hominem
356 2791 683 2853 unusquisque
721 2791 879 2837 videre
909 2792 1150 2856 cupiebat.
1191 2795 1314 2839 (funi
1348 2805 1504 2839 (uilem
