2033 3445
43 348 175 397 [1090]
530 345 681 383 LIBER
709 346 954 384 OCTAVUS.
1364 350 1443 386 3:29

46 449 226 496 semper
247 431 392 477 fidelis
412 434 591 489 extitit,
618 443 664 478 et
692 433 736 477 in
759 444 990 496 quantum
1017 434 1173 495 potuit
1201 436 1450 480 truculen-

47 522 135 557 tam
161 509 587 557 recalcitrationem
610 509 848 567 dissuasit;
877 511 1138 573 pertinaces
1163 527 1277 557 vero
1303 512 1451 557 inter—

44 587 181 645 dixit,
214 587 472 650 pontificali
492 589 598 651 jure
622 587 1055 642 anathematizavit,
1085 598 1130 633 et
1154 606 1176 632 a
1205 588 1448 634 liminibus

44 674 211 709 sanctae
239 664 402 709 matris
424 663 646 709 Ecclesiae
678 664 1001 728 sequestravit.
1036 663 1337 727 Quapropter
1371 680 1451 709 re-

43 740 257 787 bellionis
291 741 555 786 incentores
586 752 750 787 contra
782 758 890 787 eum
920 742 1060 787 nimis
1094 741 1199 786 irati
1233 752 1368 797 sunt,
1408 753 1452 786 et

45 817 223 881 injuriis
253 833 360 862 eum
389 818 568 864 afficere
600 817 880 864 terribiliter
905 819 1179 865 comminati
1211 829 1338 864 sunt.
1365 819 1451 864 ln-

44 906 166 942 terea
186 893 300 940 dum
328 912 412 959 per
437 894 677 942 dioecesim
702 913 832 942 suam
857 914 963 943 cum
989 896 1171 943 clericis
1198 898 1287 941 suis
1316 897 1453 960 equi-

44 983 183 1029 taret,
212 983 258 1018 et
280 974 528 1036 episcopali
551 989 685 1020 more
704 974 907 1020 osticium
927 992 1065 1019 suum
1085 974 1305 1020 sollerter
1325 990 1454 1019 exer-

44 1060 191 1105 ceret,
233 1050 388 1095 Helias
425 1049 482 1095 de
518 1049 704 1097 Flechia
742 1067 850 1096 eum
891 1050 1275 1114 comprehendit,
1318 1062 1363 1096 et
1406 1051 1449 1095 in

43 1142 224 1173 carcere
253 1125 403 1172 donec
437 1127 575 1190 Hugo
611 1128 656 1172 in
692 1126 808 1173 urbe
837 1127 1184 1173 Cenomannica
1217 1137 1454 1189 susceptus

41 1204 217 1259 suisset,
242 1203 454 1249 vinctum
474 1204 724 1266 praesulem
749 1204 916 1249 tenuit.
944 1204 1096 1249 Porro
1127 1203 1313 1248 ecclesia
1340 1201 1452 1248 dicti

42 1280 276 1343 pontificis
299 1298 391 1325 suae
414 1281 651 1326 afflictioni
679 1281 944 1337 condoluit,
970 1282 1257 1344 Domitiique
1276 1291 1454 1326 sanctas

43 1357 263 1421 imagines
290 1375 396 1402 cum
423 1357 664 1415 crucibus,
687 1369 733 1402 et
755 1369 1025 1403 sanctarum
1047 1358 1216 1403 scrinia
1236 1358 1455 1422 reliquia-

43 1450 148 1478 rum
173 1431 231 1478 ad
255 1443 429 1478 terram
456 1433 696 1496 deposuit,
730 1444 775 1479 et
805 1445 965 1496 portas
988 1434 1287 1479 basilicarum
1311 1434 1454 1496 spinis

45 1509 305 1569 obturavit,
330 1522 376 1555 et
399 1529 421 1556 a
449 1512 672 1575 clangore
695 1512 966 1574 signorum,
994 1510 1264 1574 celebrique
1286 1521 1451 1566 cantu,

44 1588 279 1652 solitisque
308 1588 590 1645 sollemniis,
625 1599 673 1633 ut
709 1587 845 1633 vidua
870 1605 1108 1643 1110616115,
1138 1588 1357 1646 cessavit,
1384 1588 1456 1632 la-

47 1667 304 1730 crymisque
326 1667 525 1713 vacavit.

107 1743 426 1801 cenomanni,
449 1755 697 1808 postquam
720 1761 898 1790 novum
921 1744 1143 1790 comitem
1171 1760 1307 1789 suum
1330 1742 1456 1788 divi-

49 1822 120 1868 tiis
156 1833 202 1868 et
233 1840 369 1869 sensu
405 1841 456 1869 ac
497 1823 673 1869 virtute
722 1824 912 1886 inopem
959 1839 1052 1868 esse
1096 1831 1453 1885 cognoverunt,

47 1898 365 1962 imprudentes
382 1900 486 1945 sacti
509 1900 574 1944 sui
598 1901 908 1963 poenitentes,
932 1915 1039 1944 eum
1059 1898 1178 1943 sicut
1196 1897 1454 1943 Sichimitae

49 1974 320 2022 Abimelech
361 1977 432 2037 (1)
474 1975 805 2039 despicabilem
847 1986 893 2021 et
935 1992 1127 2021 exosum
1166 1974 1450 2020 habuerunt.

47 2052 322 2116 Imprudens
351 2055 478 2099 enim
509 2064 554 2099 et
590 2055 783 2117 ignavus
815 2072 867 2099 ac
903 2053 1030 2099 deses
1060 2063 1185 2107 erat,
1221 2063 1455 2116 tantaeque

47 2129 282 2195 dignitatis
307 2130 510 2177 habenas
535 2130 770 2177 moderari
798 2130 1049 2177 nesciebat.
1078 2131 1165 2176 llic
1190 2130 1333 2175 liliam
1360 2129 1457 2176 Ro—

46 2205 163 2254 herti
184 2209 420 2255 Wiscardi
439 2211 508 2272 (2)
525 2211 775 2274 conjugem
793 2209 972 2265 habuit,
996 2208 1071 2254 sed
1093 2225 1332 2272 generosae
1351 2225 1459 2253 con-

38 2285 158 2350 jugis
186 2287 624 2350 magnanimitatem
656 2287 728 2332 vir
763 2288 957 2351 ignavus
987 2289 1110 2334 serre
1141 2304 1237 2333 non
1269 2286 1453 2341 valens,

47 2360 187 2423 ipsam
221 2362 502 2426 repudiavit.
542 2365 634 2410 Pro
671 2382 759 2427 qua
798 2382 848 2409 re
884 2364 1003 2426 Papa
1042 2362 1264 2410 Urbanus
1303 2362 1454 2425 palam

46 2453 149 2484 eum
180 2442 623 2486 excommunicavit.
653 2442 824 2487 Omnes
854 2440 1135 2503 Allobroges
1167 2441 1317 2503 ipsum
1345 2456 1451 2484 exe-

47 2515 158 2560 crati
193 2526 325 2572 sunt,
364 2527 409 2561 et
443 2517 631 2563 inventa
670 2518 912 2563 occasione
944 2516 1179 2563 ferocibus
1214 2515 1459 2578 Cisalpinis

47 2590 282 2639 extorrem
302 2595 674 2641 destinaverunt.
697 2596 873 2642 Inscius
894 2597 1016 2641 inter
1041 2612 1239 2659 gnaros,
1267 2605 1313 2639 et
1337 2593 1458 2637 timi—

91 2784 140 2829 (1)
160 2785 292 2822 Jmlic..
320 2799 364 2820 lx.

94 2843 209 2887 1¹¹2)s]c
231 2847 387 2889 mariage
407 2848 496 2880 annii
521 2860 562 2880 cu
586 2848 654 2881 lien
675 2861 716 2880 cn
746 2858 816 2893 107‘

813 2883 820 2893 t
