2085 3455
595 306 673 344 300
962 306 1207 345 HISTORIA
1236 306 1644 346 ECCLESIASTICA.
1869 313 2006 363 [1088]
2054 316 2057 335 ³

590 391 787 439 modum
815 393 987 451 furuit,
1018 404 1262 459 totamque
1288 405 1465 441 terram
1491 397 1588 458 ejus
1618 395 1835 459 pluribus
1858 397 2007 446 modis
2055 410 2058 458 ξ

590 468 818 515 turbavit.
852 469 1028 517 Multos
1059 470 1117 516 ab
1153 472 1328 518 auxilio
1365 472 1461 536 ejus
1493 483 1539 518 et
1571 473 1798 518 famulatu
1833 473 2008 521 callidis

590 547 1064 611 tergiversationibus
1098 550 1294 607 avertit,
1327 560 1371 595 et
1403 548 1670 596 dominium
1700 549 1856 607 ducis,
1882 552 2009 616 quod
2056 564 2059 573 '

591 636 906 673 antecessores
952 627 1048 691 ejus
1085 626 1391 690 possidebant
1427 638 1474 674 et
1517 627 1704 691 copiose
1754 641 2005 686 auxerant,

589 702 848 749 imminuit.
874 703 993 749 Erat
1015 704 1142 750 enim
1164 705 1356 769 ingenio
1380 704 1590 762 subtilis,
1619 705 1809 753 dolosus
1832 717 1880 753 ct
1899 724 2010 754 ver-
2058 701 2061 743 ³·

587 780 788 843 sipelliS,
814 798 1020 844 corpore
1041 799 1240 846 magnus
1265 793 1311 828 et
1340 782 1501 840 sortis,
1525 782 1674 830 audax
1698 794 1745 830 et
1767 795 1936 847 potens
1961 785 2010 832 in
2058 778 2061 830 ³.

588 858 760 913 armis,
800 859 1052 923 eloque115‚
1088 860 1386 924 nimiumque
1421 860 1623 907 crudelis
1660 872 1707 908 et
1739 862 1936 908 avaritia
1965 874 2011 909 et

587 933 788 981 libidine
809 935 1134 999 inexplebiliS,
1160 938 1407 1000 perspicax
1441 938 1677 984 seriorum
1708 949 2011 986 commentor

586 1029 814 1076 operum,
842 1025 889 1060 et
908 1015 956 1060 in
976 1014 1212 1061 exercitiis
1231 1014 1398 1061 mundi
1417 1016 1804 1080 gravissimorum
1829 1017 2010 1080 patiens

586 1090 834 1148 laborum3
866 1092 913 1138 in
938 1093 1212 1139 extruendis
1231 1093 1440 1141 aedificiis
1467 1106 1513 1140 et
1535 1093 1791 1154 machinis,
1815 1095 2010 1160 aliisque
2060 1082 2062 1097 ι

585 1166 744 1213 arduis
778 1167 1004 1231 operibus
1042 1169 1314 1233 ingeniosus
1342 1172 1535 1227 artifex,
1571 1182 1618 1217 et
1649 1171 1697 1216 in
1734 1170 2010 1235 torquendis
2060 1161 2063 1216 ἶ

586 1244 860 1292 hominibus
893 1247 1200 1294 inexorabilis
1233 1249 1459 1295 carnifex.
1500 1250 1720 1295 Sanctam
1750 1249 2010 1296 Ecclesiam
2061 1282 2064 1316 2

585 1340 684 1369 non
708 1334 760 1369 ut
777 1323 901 1371 filius
918 1335 1119 1370 matrem
1144 1324 1417 1383 honoravit,
1442 1326 1621 1390 adjuvit
1637 1337 1779 1391 atque
1796 1327 2008 1384 vestivit3
2062 1370 2063 1394 ᾖ

583 1401 662 1448 sed
699 1403 829 1449 velut
857 1404 1106 1468 privignus
1142 1421 1400 1451 novercam
1436 1404 1735 1468 deturpavit,
1778 1405 2011 1469 oppressit
2062 1430 2064 1446 ·

586 1490 632 1525 et
651 1481 888 1543 spoliavit.
916 1482 1055 1528 Hunc
1079 1480 1285 1546 denique
1317 1493 1423 1545 post
1457 1484 1735 1529 innumeros
1759 1493 1938 1540 reatus,
1966 1492 2013 1528 et

583 1555 766 1603 dolosas
790 1557 1016 1604 sactiones
1035 1558 1119 1604 Dei
1139 1558 1318 1622 judicio
1353 1560 1398 1604 in
1436 1559 1636 1605 vinculis
1656 1559 1856 1605 arctavit
1877 1560 2011 1605 Hen-
2062 1574 2065 1621 ζ

584 1634 711 1680 ricus
742 1651 825 1680 rex
853 1645 906 1680 ut
928 1636 1222 1700 aequissimus
1253 1652 1440 1693 censor,
1470 1647 1516 1682 et
1536 1635 1593 1681 ad
1614 1635 1704 1683 hoc
1733 1655 1756 1682 a
1782 1637 1881 1683 Deo
1904 1653 2014 1699 spe-
2063 1670 2065 1679 ,

587 1712 771 1758 cialiter
786 1713 1059 1776 inspiratus,
1082 1714 1368 1760 miserorum
1383 1725 1602 1760 strenuus
1622 1713 1812 1761 vindex.
1831 1714 2012 1761 Verum

587 1789 644 1836 de
665 1791 736 1836 his
760 1791 891 1836 alias..

650 1870 877 1915 Praefatus
896 1870 988 1927 vir,
1014 1881 1304 1933 procurante
1330 1870 1589 1916 Willermo
1616 1886 1752 1935 rege,
1781 1871 1861 1935 qui
1885 1870 2014 1916 mul-
2064 1874 2066 1922 ἴ

588 1957 688 1993 tum
735 1947 954 1994 eumdem
989 1947 1224 1994 dilexerat
1264 1959 1463 2011 propter
1512 1965 1726 1995 amorem
1760 1959 2013 2011 parentum
2064 1964 2066 2014 ξ

585 2025 682 2088 ejus
702 2045 712 2070 ε
732 2025 926 2089 Rogerii
952 2035 999 2071 et
1019 2025 1254 2082 Mabiliae,
1280 2025 1425 2071 filiam
1446 2025 1701 2083 Guidonis,
1726 2027 1913 2072 Pontivi
1932 2043 2013 2073 co-
2065 2065 2068 2086 r

586 2104 738 2160 mitis,
763 2103 1002 2167 Agnetem
1022 2105 1244 2161 nomine,
1268 2121 1468 2150 uxorem
1489 2103 1647 2161 duxit3
1669 2121 1725 2150 ex
1746 2122 1837 2168 qua
1861 2104 2013 2150 filium

587 2183 782 2228 nomine
813 2182 1125 2229 Guillelmum
1157 2184 1443 2246 progenuit,
1480 2183 1561 2247 qui
1595 2181 1886 2229 hereditario
1907 2183 2014 2246 jure
2065 2199 2067 2236 ζ

586 2261 765 2324 amplas
800 2262 1114 2324 possessiones
1139 2262 1186 2307 in
1214 2261 1430 2307 Neustria
1473 2272 1521 2307 et
1550 2261 1757 2307 Pontivo
1795 2272 2014 2324 postmo-

585 2337 702 2383 dum
722 2338 814 2385 late
834 2341 905 2403 (i)
932 2339 1154 2403 possedit.
1180 2339 1452 2386 Rodbertus
1470 2340 1598 2386 enim
1614 2375 1626 2396 ‚
1656 2350 1709 2385 ut
1727 2339 1926 2396 divitiis,
1950 2339 2014 2385 sic
2066 2393 2067 2398 Ἰ

588 2416 837 2479 tyrannide
857 2434 1023 2464 omnes
1047 2420 1216 2464 fratres
1236 2436 1342 2465 suos
1365 2418 1628 2481 superavit,
1656 2429 1702 2463 et
1721 2434 1865 2464 omne
1889 2428 2015 2463 ante-
2066 2473 2067 2484 γ

588 2511 825 2541 cessorum
845 2513 1041 2542 suorum
1067 2496 1114 2542 in
1132 2496 1431 2543 Normannia
1458 2507 1504 2542 et
1528 2496 1884 2543 cenomannico
1903 2512 2013 2542 rure
2066 2537 2067 2540 ,

586 2573 928 2636 patrimonium
947 2612 957 2630 ‚
983 2574 1276 2622 exheredatis
1296 2574 1547 2633 fratribm,
1579 2575 1774 2633 invasit,
1800 2585 1846 2620 et
1869 2575 2014 2638 longo
2066 2625 2068 2634 y

588 2662 804 2716 tempore
835 2652 958 2700 solus
992 2653 1221 2700 obtinuit.
1254 2653 1558 2701 Contribules
1593 2671 1725 2710 suos,
1763 2652 2013 2700 nobilitate
2068 2688 2069 2691 η

657 2836 681 2856 ι
705 2826 768 2858 ils.
790 2826 834 2859 dv
855 2825 882 2860 la
905 2828 1004 2860 reini-
1024 2826 1068 2860 cle
1090 2826 1219 2860 Subdu
