2085 3455
551 294 598 333 44
904 294 1141 332 HISTORIA
1172 296 1565 335 ECCLESIASTICA.

547 378 592 422 in
618 376 790 441 oppido
810 394 891 424 suo
908 381 1166 426 construxit
1185 382 1253 444 (ι)
1269 418 1281 440 ,
1311 381 1466 446 ibique
1488 382 1736 429 monachos
1756 384 1924 429 consti-

551 456 658 512 tuit,
682 466 728 501 et
752 457 964 503 omnium
986 458 1047 504 eis
1074 474 1233 504 rerum
1256 477 1441 506 suarum
1463 459 1660 507 decimas
1680 460 1887 507 donavit.

609 531 865 580 Gulhertus
888 545 1060 589 autem,
1088 535 1273 581 Ricardi
1297 536 1442 594 filius,
1469 539 1749 595 Beatricem,
1784 538 1925 583 filiam

546 608 794 655 Christiani
814 610 870 657 de
892 611 1164 658 Valencenis
1190 613 1259 675 (2)
1285 614 1474 660 illustris
1501 615 1704 671 tribuni,
1732 632 1924 662 uxorem

544 686 701 743 duxit,
744 705 848 752 quae
883 689 984 735 viro
1014 706 1095 735 suo
1130 689 1419 736 Gualterium
1449 703 1494 737 et
1517 693 1763 755 Hugonem
1791 703 1927 756 atque

544 765 800 811 Beatricem
819 767 1017 829 peperit.
1042 767 1262 812 Praesatus
1281 767 1433 828 heros,
1454 770 1820 832 consanguineus
1839 770 1928 815 du·—

544 842 623 898 ciS,
643 859 824 906 semper
842 844 883 889 ei
902 842 1048 889 fidelis
1063 845 1233 900 extitit,
1252 856 1296 890 et
1311 863 1417 891 cum
1431 846 1512 892 illo
1526 846 1779 909 praecipua,
1798 847 1929 892 coeti-

542 918 627 965 bus
644 921 733 966 suis
753 921 961 983 stipatus,
992 921 1037 967 in
1058 921 1184 968 bello
1206 921 1404 986 Anglico
1428 922 1694 970 discrimina
1715 924 1924 986 pertulit.

541 995 736 1054 Verum,
758 1007 1005 1060 postquam
1027 1014 1230 1062 regnum
1246 1010 1460 1062 pacatum
1479 1009 1563 1056 est,
1587 1009 1632 1045 et
1651 998 1928 1044 Guillelmus

541 1075 775 1136 regnavit,
803 1074 1054 1121 Gulbertus
1080 1077 1098 1138 (
1107 1092 1215 1140 rege
1238 1077 1406 1123 multas
1426 1078 1471 1122 in
1497 1077 1662 1140 Anglia
1681 1077 1931 1139 possessio-

542 1166 619 1195 nes
639 1149 885 1213 offerente)
908 1151 1171 1198 Neustriam
1189 1154 1402 1216 repetiit,
1430 1153 1727 1217 legitimaque
1752 1153 1926 1216 simpli-

540 1226 676 1271 citate
696 1225 904 1288 pollens,
934 1225 990 1272 de
1018 1229 1180 1291 rapina
1207 1228 1463 1293 quidquam
1487 1228 1720 1292 possidere
1753 1229 1923 1275 noluit.

539 1302 639 1347 Suis
657 1313 926 1360 contentus,
955 1305 1104 1351 aliena
1125 1307 1326 1369 respuit,
1353 1305 1593 1371 filiumque
1611 1324 1746 1352 suum
1762 1307 1929 1370 Hugo—

540 1396 647 1425 nem
676 1380 992 1428 ecclesiasticae
1017 1382 1274 1446 disciplinae
1297 1383 1382 1430 sub
1414 1384 1682 1447 magisterio
1714 1383 1928 1429 Mainerii

538 1456 716 1502 abbatis
748 1457 793 1503 in
830 1458 1034 1504 Uticensi
1060 1462 1344 1508 monasterio
1379 1461 1571 1507 devotus
1593 1461 1781 1508 obtulit.
1814 1461 1931 1506 Cum

538 1534 753 1598 religiosa
789 1536 1010 1599 conjuge,
1035 1554 1139 1600 quae
1172 1538 1411 1584 Mathildis
1442 1540 1617 1603 reginae
1650 1537 1931 1585 consobrina

538 1623 660 1669 erat,
685 1611 762 1658 diu
786 1614 927 1670 vixit,
950 1625 995 1660 et
1015 1614 1316 1678 eleemosynis
1334 1633 1385 1663 ac
1406 1616 1714 1673 orationibus,
1739 1615 1929 1680 aliisque

537 1689 672 1736 bonis
692 1689 912 1753 operibus
930 1709 1073 1756 usque
1090 1692 1147 1739 ad
1165 1693 1304 1740 finem
1323 1693 1619 1740 laudabiliter
1631 1692 1822 1739 studuit..
1845 1692 1933 1740 Ve*

538 1767 758 1814 nerabilis
792 1779 948 1815 autem
982 1769 1169 1815 Beatrix
1207 1781 1310 1833 post
1343 1770 1526 1817 obitum
1559 1771 1648 1816 viri
1682 1770 1749 1816 sui
1783 1768 1931 1815 tribus

539 1846 670 1891 annis
689 1846 967 1909 supervixit,
990 1857 1035 1892 et
1056 1847 1102 1892 in
1125 1858 1279 1894 sancta
1305 1848 1593 1895 consessione
1616 1858 1670 1895 11⁰
1692 1864 1838 1894 nonas
1856 1848 1931 1910 ja—

540 1923 690 1968 nuarii
711 1921 844 1969 obiit.

601 2000 865 2047 Gualterius
899 2017 1011 2048 vero
1045 2018 1164 2065 puer
1192 2003 1401 2066 elegans,
1438 2002 1515 2048 sed
1551 2019 1717 2065 parum
1753 2001 1936 2065 sapiens

537 2077 648 2135 fuit,
676 2089 722 2124 et
741 2077 804 2124 ob
833 2077 920 2125 hoo
944 2078 1251 2136 Godmundo‚
1280 2080 1472 2143 aliisque
1494 2078 1665 2126 dolosis
1700 2077 1933 2125 tutoribus

539 2155 664 2201 ultro
705 2155 947 2220 subjacuit.
997 2156 1274 2202 Societatem
1315 2155 1607 2203 nebulonum
1644 2155 1933 2200 familiariter

539 2232 625 2278 sibi
656 2234 838 2291 ascivit3
886 2251 1090 2298 quorum
1131 2235 1303 2281 nefaria
1346 2235 1641 2298 persuasione
1684 2243 1931 2296 paternum

540 2309 767 2357 honorem
824 2312 1098 2375 insipienter
1147 2311 1446 2376 dilapidavit,
1498 2323 1543 2358 et
1586 2310 1839 2357 monachos
1881 2329 1933 2357 ac

541 2388 755 2445 clericos,
781 2389 1104 2454 legitimosque
1144 2391 1335 2437 colonos
1373 2390 1553 2455 injuriis
1588 2389 1757 2435 crebro
1797 2387 1932 2433 illatis

584 2551 634 2596 (1)
653 2551 811 2585 Bernard
830 2551 929 2598 plaga
949 2560 1041 2588 cette
1058 2553 1168 2600 eglise
1186 2565 1267 2588 sous
1284 2553 1316 2588 la
1336 2553 1566 2600 dependance
1582 2553 1626 2587 de
1642 2552 1801 2598 l⁷abbaye
1819 2551 1863 2585 de
1884 2552 1929 2585 La

542 2611 696 2646 Bataille.
726 2611 847 2658 Voyez
873 2611 960 2646 dans
977 2612 1009 2647 le
1025 2613 1142 2648 meme
1161 2613 1294 2649 recueil
1314 2614 1373 2660 (p.
1394 2611 1527 2657 52o)1a
1554 2612 1677 2647 charte
1695 2613 1711 2645 a
1731 2624 1771 2645 ce
1789 2611 1881 2656 sujet
1897 2618 1931 2645 et

540 2669 644 2705 celles
657 2670 702 2704 de
718 2682 770 2705 ses
788 2682 1021 2706 successeurs.

585 2731 635 2776 (2)
660 2730 936 2766 Valenciennes.
962 2733 1064 2766 Cette
1093 2731 1196 2766 dame
1223 2732 1309 2766 &tait
1335 2731 1607 2778 probablement
1634 2742 1746 2764 venue
1771 2743 1812 2765 en
1840 2730 1930 2763 Nor-

542 2791 683 2826 mandie
704 2804 783 2826 avec
800 2792 832 2826 la
848 2792 1022 2827 duchesse
1039 2791 1226 2826 Mathildo.
