2085 3455
609 348 687 387 374
975 347 1220 388 HISTORIA
1250 346 1653 385 ECCLESIASTICA.
1879 352 2017 399 [1091]

608 453 858 493 enarrare,
890 446 938 481 αἰ
957 446 1191 481 amentem
1223 434 1508 480 deridebunt
1526 451 1614 480 sne.
1641 435 1792 481 Porro
1815 434 2019 482 Guillel-

606 532 710 561 mus
726 513 901 562 obnixe
919 514 1136 560 insistens
1156 511 1377 576 rogabat,
1397 523 1443 558 et
1464 511 1668 575 plurima
1690 513 2021 577 notissimaque

607 592 738 656 signa
769 591 1023 656 diligenter
1049 590 1328 638 inculcabat.
1369 589 1619 652 Presbyter
1654 601 1809 636 autem
1845 590 2022 636 intelli-

608 685 721 732 gens
741 685 791 715 ea
824 686 930 733 quae
953 667 1195 724 audiebat,
1223 667 1381 714 omnia
1409 677 1566 712 tamen
1591 684 1637 712 se
1661 668 1781 713 scire
1802 666 2022 714 dissimu-

609 746 753 792 labat.
772 745 984 793 Tandem
1001 746 1150 791 multa
1165 761 1305 808 prece
1323 746 1491 801 victus,
1514 744 1770 808 adquievit,
1787 755 1834 791 et
1853 745 2023 791 iterum

609 835 663 870 ut
690 835 880 888 rogatus
903 824 1055 870 suerat
1077 840 1124 869 se
1147 824 1379 869 facturum
1403 823 1638 886 promisit.
1662 823 1797 868 Tunc
1822 822 2023 868 Guillel-

611 919 714 947 mus
767 911 934 947 cuncta
980 899 1335 963 recapitulavit,
1374 911 1420 945 et
1465 900 1605 964 longa
1645 899 2025 946 confabulatione

608 978 759 1024 multa
783 977 934 1024 eidem
961 977 1224 1041 replicavit.
1248 977 1434 1022 Interea
1458 976 1672 1023 sacerdos
1694 977 1843 1039 coepit
1870 992 2025 1022 secum

610 1065 815 1101 tractare
843 1054 972 1119 quod
1000 1071 1097 1101 non
1122 1053 1316 1100 auderet
1347 1054 1628 1101 execrabilia
1661 1053 1925 1100 biothanati
1952 1055 2023 1118 (ι)

610 1131 828 1179 mandata
848 1132 1042 1178 cuilibet
1058 1133 1360 1178 annuntiare.
1384 1133 1496 1179 Non
1515 1133 1649 1179 (lecet
1665 1169 1676 1189 ,
1704 1134 1885 1197 inquit,
1908 1133 2025 1179 talia

602 1212 936 1276 promulgare.
964 1210 1257 1257 AVullcztenus
1291 1228 1400 1274 quoe
1436 1211 1650 1275 injungis
1682 1211 1877 1257 cuilibet
1902 1208 2025 1274 ruffe-

613 1306 733 1335 mm.
760 1289 875 1335 Mox
898 1288 975 1335 ille
998 1287 1282 1334 furibundus
1298 1306 1492 1337 manum
1514 1288 1749 1347 extendit,
1769 1300 1816 1335 et
1839 1287 2026 1352 preshy-

613 1375 769 1411 terum
792 1381 878 1428 per
900 1364 1052 1411 fauces
1076 1364 1415 1428 apprehendit,
1443 1382 1718 1430 secumque,
1742 1382 1827 1428 per
1850 1375 2026 1411 terram

616 1441 828 1498 trahens,
857 1441 1041 1487 minare
1068 1441 1229 1504 coepit.
1261 1442 1483 1505 Captivus
1504 1453 1661 1488 autem
1684 1459 1902 1498 manum,
1936 1458 2026 1506 qua

615 1519 887 1577 tenebatur,
913 1519 1158 1566 ardentem
1190 1520 1318 1566 velut
1349 1521 1509 1584 ignem
1534 1522 1788 1584 persensit,
1811 1531 1858 1567 et
1875 1521 1924 1566 in
1946 1520 2026 1566 tali

615 1598 828 1661 angustia
850 1607 1044 1661 repente
1065 1597 1344 1643 exclamavit
1365 1618 1375 1643 :
1402 1598 1587 1645 Sancta
1604 1599 1795 1656 Maria,
1812 1598 2028 1662 gloriosa

616 1685 771 1720 macer
795 1673 994 1731 Christi,
1017 1674 1199 1738 adjuva
1217 1677 1313 1721 me!
1337 1675 1584 1733 Protinus,
1606 1675 1663 1721 ad
1682 1675 2030 1722 invocationem

615 1751 836 1813 piissimae
866 1752 1131 1815 genitrici5‚
1165 1751 1248 1797 filii
1273 1752 1464 1799 Domini
1498 1753 1724 1798 auxilium
1753 1762 1928 1816 praesto
1956 1750 2031 1797 ad-

614 1830 720 1884 suit,
739 1830 876 1893 quale
895 1829 1246 1892 Omnipotentis
1264 1828 1502 1876 ordinatio
1522 1830 1765 1893 disposuit.
1787 1830 1910 1876 Nam
1932 1830 2030 1894 qui-

617 1905 724 1951 dam
744 1906 897 1963 miles,
919 1922 1078 1952 ensem
1095 1904 1261 1952 dextra
1279 1907 1450 1963 serens,
1474 1907 1772 1970 supervenit,
1793 1906 2030 1971 gladium-

617 1999 709 2047 que
744 2000 907 2040 suum,
946 1984 1076 2048 quasi
1113 1984 1255 2030 scrire
1295 1984 1459 2039 vellet,
1496 1984 1715 2042 vibrans,
1751 1984 1871 2031 dixit
1893 2005 1903 2030 :
1934 1985 2033 2030 Cur
2084 2004 2085 2007 ¹

599 2058 814 2123 finirem
835 2078 993 2106 meum
1013 2061 1275 2122 interficitis
1285 2099 1300 2119 ,
1324 2061 1601 2108 maledicti?
1626 2062 1778 2108 Sinite
1801 2063 1964 2119 illum,
1989 2073 2031 2108 et

618 2137 761 2184 abite.
790 2138 905 2186 Mox
930 2138 998 2184 illi
1018 2139 1296 2196 avolarunt,
1319 2139 1732 2204 AEthiopicamque
1751 2139 2029 2204 phalengem

620 2226 855 2277 prosecuti
881 2226 1007 2261 sunt.

684 2289 984 2337 Abeuntibus
1009 2292 1213 2350 cunctis,
1243 2294 1377 2340 miles
1401 2294 1448 2339 in
1477 2294 1551 2340 via
1580 2311 1687 2340 cum
1720 2293 2029 2341 Gualchelmo

621 2367 915 2424 demoratur,
953 2378 999 2414 et
1021 2368 1080 2415 ab
1115 2386 1171 2416 eo
1205 2371 1469 2416 sciscitatur
1496 2391 1506 2416 ε
1538 2371 1888 2433 Cognoscis-ne
1922 2368 2030 2416 me?

618 2443 869 2508 Presbyter
889 2445 1152 2509 respondit,
1174 2447 1302 2494 Non.
1326 2448 1462 2494 Miles
1481 2448 1601 2494 dixit
1621 2468 1630 2493 :
1649 2449 1761 2512 Ego
1780 2465 1883 2495 sum
1904 2446 2031 2494 Rod-

622 2522 775 2568 bertas
786 2559 802 2578 ,
815 2522 958 2587 filius
986 2524 1183 2584 Roslulfi
1207 2536 1518 2588 cognomento
1542 2525 1726 2571 Bloncli
1745 2526 1839 2589 (2),
1863 2536 1906 2571 et
1928 2542 2028 2571 sum
2080 2552 2081 2559 κ

666 2675 716 2719 (ι)
735 2674 787 2709 Ce
801 2681 895 2715 mot,
917 2675 979 2722 qui
998 2676 1092 2709 avait
1105 2676 1196 2710 servi
1212 2675 1364 2710 d'abord
1380 2677 1399 2709 a
1416 2675 1588 2722 designer
1601 2688 1690 2711 ceux
1707 2677 1770 2724 qui
1786 2688 1821 2710 se
1836 2675 2030 2710 donnaient

622 2746 693 2767 une
710 2741 808 2768 mort
825 2733 1001 2777 violente,
1024 2735 1167 2781 signifie
1186 2735 1233 2769 ici
1256 2751 1262 2768 τ
1283 2735 1315 2770 le
1333 2735 1485 2778 dumne,
1508 2735 1541 2770 le
1564 2737 1761 2783 reprouve;
1782 2735 1815 2770 le
1835 2733 1971 2770 suicide
1987 2731 2030 2766 de

624 2805 688 2826 son
709 2805 800 2827 ame.

669 2852 718 2897 (2)
740 2852 897 2897 Rohert,
918 2853 971 2888 fils
990 2853 1033 2887 de
1054 2853 1376 2891 Raoul-lcfsslond.
1401 2855 1460 2891 On
1480 2855 1551 2890 voit
1572 2856 1706 2901 figurer
1726 2855 1813 2891 dans
1831 2854 1861 2889 le
1881 2854 2028 2889 Domes—
