<?xml version="1.0" encoding="UTF-8"?>
<!DOCTYPE html PUBLIC "-//W3C//DTD XHTML 1.0 Transitional//EN"
    "http://www.w3.org/TR/xhtml1/DTD/xhtml1-transitional.dtd">
<html xmlns="http://www.w3.org/1999/xhtml" xml:lang="en" lang="en">
 <head>
  <title>
</title>
<meta http-equiv="Content-Type" content="text/html;charset=utf-8" />
  <meta name='ocr-system' content='tesseract 3.04.00' />
  <meta name='ocr-capabilities' content='ocr_page ocr_carea ocr_par ocr_line ocrx_word'/>
</head>
<body>
  <div class='ocr_page' id='page_1' title='image "./ordericivitalish03ordeuoft/ordericivitalish03ordeuoft_0396.png"; bbox 0 0 2085 3455; ppageno 0'>
   <div class='ocr_carea' id='block_1_1' title="bbox 598 337 1999 394">
    <p class='ocr_par' dir='ltr' id='par_1_1' title="bbox 598 337 1999 394">
     <span class='ocr_line' id='line_1_1' title="bbox 598 337 1999 394; baseline 0.006 -20"><span class='ocrx_word' id='word_1_1' title='bbox 598 337 676 375; x_wconf 74' lang='lat'><strong>:314</strong></span> <span class='ocrx_word' id='word_1_2' title='bbox 968 339 999 374; x_wconf 87' lang='lat' dir='ltr'>H</span> <span class='ocrx_word' id='word_1_3' title='bbox 1011 339 1207 376; x_wconf 71' lang='lat' dir='ltr'><strong>ls‘l&#39;OfflA</strong></span> <span class='ocrx_word' id='word_1_4' title='bbox 1240 340 1641 378; x_wconf 62' lang='lat' dir='ltr'>ECCLESIASTICA.</span> <span class='ocrx_word' id='word_1_5' title='bbox 1867 345 1999 394; x_wconf 70' lang='lat'>[1089]</span> 
     </span>
    </p>
   </div>
   <div class='ocr_carea' id='block_1_2' title="bbox 596 424 2007 956">
    <p class='ocr_par' dir='ltr' id='par_1_2' title="bbox 596 424 2007 956">
     <span class='ocr_line' id='line_1_2' title="bbox 597 424 2004 491; baseline 0.004 -22"><span class='ocrx_word' id='word_1_6' title='bbox 597 435 663 470; x_wconf 90' lang='lat' dir='ltr'><strong>est</strong></span> <span class='ocrx_word' id='word_1_7' title='bbox 681 435 726 469; x_wconf 88' lang='lat' dir='ltr'><strong>et</strong></span> <span class='ocrx_word' id='word_1_8' title='bbox 748 440 869 469; x_wconf 86' lang='lat' dir='ltr'><strong>vera.</strong></span> <span class='ocrx_word' id='word_1_9' title='bbox 900 424 1035 471; x_wconf 86' lang='lat' dir='ltr'>Unde</span> <span class='ocrx_word' id='word_1_10' title='bbox 1053 425 1171 471; x_wconf 88' lang='lat' dir='ltr'><strong>sicut</strong></span> <span class='ocrx_word' id='word_1_11' title='bbox 1191 427 1384 490; x_wconf 85' lang='lat' dir='ltr'><strong>justitiae</strong></span> <span class='ocrx_word' id='word_1_12' title='bbox 1405 425 1666 472; x_wconf 89' lang='lat' dir='ltr'><strong>cultoribus</strong></span> <span class='ocrx_word' id='word_1_13' title='bbox 1686 428 1886 490; x_wconf 75' lang='lat' dir='ltr'><strong>gratiosa</strong></span> <span class='ocrx_word' id='word_1_14' title='bbox 1905 430 2004 491; x_wconf 90' lang='lat' dir='ltr'><strong>pol-</strong></span> 
     </span>
     <span class='ocr_line' id='line_1_3' title="bbox 598 502 2004 569; baseline 0.004 -22"><span class='ocrx_word' id='word_1_15' title='bbox 598 502 765 548; x_wconf 88' lang='lat' dir='ltr'><strong>licetur</strong></span> <span class='ocrx_word' id='word_1_16' title='bbox 804 502 1060 565; x_wconf 86' lang='lat' dir='ltr'><strong>stipendia,</strong></span> <span class='ocrx_word' id='word_1_17' title='bbox 1097 504 1162 549; x_wconf 90' lang='lat' dir='ltr'><strong>sic</strong></span> <span class='ocrx_word' id='word_1_18' title='bbox 1198 503 1620 568; x_wconf 78' lang='lat' dir='ltr'><strong>transgressoribus</strong></span> <span class='ocrx_word' id='word_1_19' title='bbox 1655 521 1744 567; x_wconf 89' lang='lat' dir='ltr'><strong>pro</strong></span> <span class='ocrx_word' id='word_1_20' title='bbox 1787 506 2004 569; x_wconf 84' lang='lat' dir='ltr'><strong>nequitiis</strong></span> 
     </span>
     <span class='ocr_line' id='line_1_4' title="bbox 596 578 2003 646; baseline 0.002 -21"><span class='ocrx_word' id='word_1_21' title='bbox 596 578 696 625; x_wconf 89' lang='lat' dir='ltr'><strong>dira</strong></span> <span class='ocrx_word' id='word_1_22' title='bbox 738 581 1058 626; x_wconf 80' lang='lat' dir='ltr'><strong>comminatur</strong></span> <span class='ocrx_word' id='word_1_23' title='bbox 1093 582 1337 645; x_wconf 86' lang='lat' dir='ltr'><strong>supplicia.</strong></span> <span class='ocrx_word' id='word_1_24' title='bbox 1376 583 1430 627; x_wconf 89' lang='lat' dir='ltr'><strong>ln</strong></span> <span class='ocrx_word' id='word_1_25' title='bbox 1466 583 1596 628; x_wconf 90' lang='lat' dir='ltr'><strong>omni</strong></span> <span class='ocrx_word' id='word_1_26' title='bbox 1634 582 1800 646; x_wconf 76' lang='lat' dir='ltr'><strong>pagina</strong></span> <span class='ocrx_word' id='word_1_27' title='bbox 1835 581 2003 629; x_wconf 80' lang='lat' dir='ltr'><strong>divinae</strong></span> 
     </span>
     <span class='ocr_line' id='line_1_5' title="bbox 596 659 2006 722; baseline 0.003 -20"><span class='ocrx_word' id='word_1_28' title='bbox 596 659 887 704; x_wconf 85' lang='lat' dir='ltr'><strong>auctoritatis</strong></span> <span class='ocrx_word' id='word_1_29' title='bbox 922 659 1243 705; x_wconf 80' lang='lat' dir='ltr'><strong>misericordia</strong></span> <span class='ocrx_word' id='word_1_30' title='bbox 1282 671 1328 706; x_wconf 90' lang='lat' dir='ltr'><strong>et</strong></span> <span class='ocrx_word' id='word_1_31' title='bbox 1369 661 1539 706; x_wconf 87' lang='lat' dir='ltr'><strong>veritas</strong></span> <span class='ocrx_word' id='word_1_32' title='bbox 1583 659 1922 722; x_wconf 67' lang='lat' dir='ltr'><strong>praedicantur,</strong></span> <span class='ocrx_word' id='word_1_33' title='bbox 1962 672 2006 706; x_wconf 91' lang='lat' dir='ltr'><strong>et</strong></span> 
     </span>
     <span class='ocr_line' id='line_1_6' title="bbox 597 735 2007 801; baseline 0.003 -21"><span class='ocrx_word' id='word_1_34' title='bbox 597 735 699 782; x_wconf 92' lang='lat' dir='ltr'><strong>luce</strong></span> <span class='ocrx_word' id='word_1_35' title='bbox 724 736 892 782; x_wconf 84' lang='lat' dir='ltr'><strong>clarius</strong></span> <span class='ocrx_word' id='word_1_36' title='bbox 918 737 1048 782; x_wconf 88' lang='lat' dir='ltr'><strong>omni</strong></span> <span class='ocrx_word' id='word_1_37' title='bbox 1083 737 1269 784; x_wconf 88' lang='lat' dir='ltr'><strong>erudito</strong></span> <span class='ocrx_word' id='word_1_38' title='bbox 1292 737 1665 784; x_wconf 80' lang='lat' dir='ltr'><strong>manifestantur.</strong></span> <span class='ocrx_word' id='word_1_39' title='bbox 1695 737 1873 783; x_wconf 87' lang='lat' dir='ltr'><strong>Mirum</strong></span> <span class='ocrx_word' id='word_1_40' title='bbox 1896 753 2007 801; x_wconf 80' lang='lat' dir='ltr'><strong>ergo</strong></span> 
     </span>
     <span class='ocr_line' id='line_1_7' title="bbox 596 811 2003 876; baseline 0.001 -19"><span class='ocrx_word' id='word_1_41' title='bbox 596 823 663 857; x_wconf 87' lang='lat' dir='ltr'><strong>est</strong></span> <span class='ocrx_word' id='word_1_42' title='bbox 702 811 829 876; x_wconf 82' lang='lat' dir='ltr'><strong>quod</strong></span> <span class='ocrx_word' id='word_1_43' title='bbox 861 811 1119 859; x_wconf 84' lang='lat' dir='ltr'><strong>humanum</strong></span> <span class='ocrx_word' id='word_1_44' title='bbox 1153 830 1235 860; x_wconf 89' lang='lat' dir='ltr'><strong>cor</strong></span> <span class='ocrx_word' id='word_1_45' title='bbox 1269 815 1317 860; x_wconf 91' lang='lat' dir='ltr'><strong>in</strong></span> <span class='ocrx_word' id='word_1_46' title='bbox 1351 815 1475 860; x_wconf 74' lang='lat' dir='ltr'><strong>nefas</strong></span> <span class='ocrx_word' id='word_1_47' title='bbox 1500 825 1595 860; x_wconf 89' lang='lat' dir='ltr'><strong>tam</strong></span> <span class='ocrx_word' id='word_1_48' title='bbox 1629 814 1762 860; x_wconf 72' lang='lat' dir='ltr'><strong>facile</strong></span> <span class='ocrx_word' id='word_1_49' title='bbox 1787 812 2003 869; x_wconf 81' lang='lat' dir='ltr'><strong>labascit,</strong></span> 
     </span>
     <span class='ocr_line' id='line_1_8' title="bbox 596 889 2007 956; baseline 0.001 -22"><span class='ocrx_word' id='word_1_50' title='bbox 596 900 642 935; x_wconf 93' lang='lat' dir='ltr'><strong>et</strong></span> <span class='ocrx_word' id='word_1_51' title='bbox 663 890 766 952; x_wconf 89' lang='lat' dir='ltr'><strong>plus</strong></span> <span class='ocrx_word' id='word_1_52' title='bbox 797 890 1045 952; x_wconf 79' lang='lat' dir='ltr'><strong>praesentia</strong></span> <span class='ocrx_word' id='word_1_53' title='bbox 1069 901 1115 936; x_wconf 91' lang='lat' dir='ltr'><strong>et</strong></span> <span class='ocrx_word' id='word_1_54' title='bbox 1144 889 1337 948; x_wconf 89' lang='lat' dir='ltr'><strong>caduca,</strong></span> <span class='ocrx_word' id='word_1_55' title='bbox 1361 908 1503 956; x_wconf 86' lang='lat' dir='ltr'><strong>quam</strong></span> <span class='ocrx_word' id='word_1_56' title='bbox 1534 892 1690 937; x_wconf 78' lang='lat' dir='ltr'><strong>sutura</strong></span> <span class='ocrx_word' id='word_1_57' title='bbox 1716 901 1762 936; x_wconf 90' lang='lat' dir='ltr'><strong>et</strong></span> <span class='ocrx_word' id='word_1_58' title='bbox 1785 901 2007 953; x_wconf 85' lang='lat' dir='ltr'><strong>perpetua</strong></span> 
     </span>
    </p>
   </div>
   <div class='ocr_carea' id='block_1_3' title="bbox 597 967 2077 1033">
    <p class='ocr_par' dir='ltr' id='par_1_3' title="bbox 597 967 2077 1033">
     <span class='ocr_line' id='line_1_9' title="bbox 597 967 2077 1033; baseline 0.001 -22"><span class='ocrx_word' id='word_1_59' title='bbox 597 967 915 1029; x_wconf 80' lang='lat' dir='ltr'><strong>concupiscit3</strong></span> <span class='ocrx_word' id='word_1_60' title='bbox 954 967 1068 1013; x_wconf 85' lang='lat' dir='ltr'><strong>dum</strong></span> <span class='ocrx_word' id='word_1_61' title='bbox 1107 969 1264 1015; x_wconf 87' lang='lat' dir='ltr'><strong>omnia</strong></span> <span class='ocrx_word' id='word_1_62' title='bbox 1314 968 1477 1016; x_wconf 88' lang='lat' dir='ltr'><strong>divino</strong></span> <span class='ocrx_word' id='word_1_63' title='bbox 1519 980 1679 1033; x_wconf 84' lang='lat' dir='ltr'><strong>patere</strong></span> <span class='ocrx_word' id='word_1_64' title='bbox 1714 968 1927 1025; x_wconf 86' lang='lat' dir='ltr'><strong>obtutui,</strong></span> <span class='ocrx_word' id='word_1_65' title='bbox 1965 979 2009 1014; x_wconf 88' lang='lat' dir='ltr'><strong>et</strong></span> <span class='ocrx_word' id='word_1_66' title='bbox 2076 1024 2077 1028; x_wconf 10' lang='grc' dir='ltr'><strong>Ἰ</strong></span> 
     </span>
    </p>
   </div>
   <div class='ocr_carea' id='block_1_4' title="bbox 598 1042 1963 1093">
    <p class='ocr_par' dir='ltr' id='par_1_4' title="bbox 598 1042 1963 1093">
     <span class='ocr_line' id='line_1_10' title="bbox 598 1042 1963 1093; baseline 0.001 -4"><span class='ocrx_word' id='word_1_67' title='bbox 598 1042 717 1090; x_wconf 89' lang='lat' dir='ltr'><strong>nihil</strong></span> <span class='ocrx_word' id='word_1_68' title='bbox 743 1061 767 1090; x_wconf 93' lang='lat' dir='ltr'><strong>e</strong></span> <span class='ocrx_word' id='word_1_69' title='bbox 793 1044 956 1091; x_wconf 89' lang='lat' dir='ltr'><strong>divino</strong></span> <span class='ocrx_word' id='word_1_70' title='bbox 976 1046 1190 1093; x_wconf 78' lang='lat' dir='ltr'><strong>examine</strong></span> <span class='ocrx_word' id='word_1_71' title='bbox 1214 1045 1523 1093; x_wconf 87' lang='lat' dir='ltr'><strong>indiscussum</strong></span> <span class='ocrx_word' id='word_1_72' title='bbox 1543 1046 1739 1093; x_wconf 86' lang='lat' dir='ltr'><strong>evadere</strong></span> <span class='ocrx_word' id='word_1_73' title='bbox 1760 1046 1963 1092; x_wconf 86' lang='lat' dir='ltr'><strong>noverit.</strong></span> 
     </span>
    </p>
   </div>
   <div class='ocr_carea' id='block_1_5' title="bbox 660 1122 2077 1188">
    <p class='ocr_par' dir='ltr' id='par_1_5' title="bbox 660 1122 2077 1188">
     <span class='ocr_line' id='line_1_11' title="bbox 660 1122 2077 1188; baseline 0.001 -21"><span class='ocrx_word' id='word_1_74' title='bbox 660 1122 915 1186; x_wconf 86' lang='lat' dir='ltr'><strong>Postquam</strong></span> <span class='ocrx_word' id='word_1_75' title='bbox 969 1122 1408 1170; x_wconf 84' lang='lat' dir='ltr'><strong>Dorobernensium</strong></span> <span class='ocrx_word' id='word_1_76' title='bbox 1452 1124 1757 1188; x_wconf 80' lang='lat' dir='ltr'><strong>metropolis,</strong></span> <span class='ocrx_word' id='word_1_77' title='bbox 1812 1123 2009 1186; x_wconf 85' lang='lat' dir='ltr'><strong>praesule</strong></span> <span class='ocrx_word' id='word_1_78' title='bbox 2074 1128 2077 1163; x_wconf 71' lang='lat' dir='ltr'><strong>i</strong></span> 
     </span>
    </p>
   </div>
   <div class='ocr_carea' id='block_1_6' title="bbox 590 1197 2016 2272">
    <p class='ocr_par' dir='ltr' id='par_1_6' title="bbox 590 1197 2016 2272">
     <span class='ocr_line' id='line_1_12' title="bbox 596 1197 2009 1266; baseline 0.001 -23"><span class='ocrx_word' id='word_1_79' title='bbox 596 1197 808 1256; x_wconf 86' lang='lat' dir='ltr'><strong>viduata,</strong></span> <span class='ocrx_word' id='word_1_80' title='bbox 837 1200 885 1245; x_wconf 89' lang='lat' dir='ltr'><strong>in</strong></span> <span class='ocrx_word' id='word_1_81' title='bbox 913 1200 1083 1246; x_wconf 89' lang='lat' dir='ltr'><strong>timore</strong></span> <span class='ocrx_word' id='word_1_82' title='bbox 1107 1212 1153 1246; x_wconf 91' lang='lat' dir='ltr'><strong>et</strong></span> <span class='ocrx_word' id='word_1_83' title='bbox 1186 1201 1315 1248; x_wconf 90' lang='lat' dir='ltr'><strong>luctu</strong></span> <span class='ocrx_word' id='word_1_84' title='bbox 1335 1202 1489 1266; x_wconf 77' lang='lat' dir='ltr'><strong>exegit</strong></span> <span class='ocrx_word' id='word_1_85' title='bbox 1510 1203 1796 1256; x_wconf 83' lang='lat' dir='ltr'><strong>triennium,</strong></span> <span class='ocrx_word' id='word_1_86' title='bbox 1823 1200 2009 1246; x_wconf 88' lang='lat' dir='ltr'><strong>tandem</strong></span> 
     </span>
     <span class='ocr_line' id='line_1_13' title="bbox 590 1275 2012 1343; baseline 0.001 -22"><span class='ocrx_word' id='word_1_87' title='bbox 590 1279 740 1339; x_wconf 78' lang='lat' dir='ltr'><strong>justus</strong></span> <span class='ocrx_word' id='word_1_88' title='bbox 764 1275 962 1334; x_wconf 84' lang='lat' dir='ltr'><strong>arbiter,</strong></span> <span class='ocrx_word' id='word_1_89' title='bbox 985 1278 1066 1342; x_wconf 83' lang='lat' dir='ltr'><strong>qui</strong></span> <span class='ocrx_word' id='word_1_90' title='bbox 1091 1277 1147 1324; x_wconf 90' lang='lat' dir='ltr'><strong>de</strong></span> <span class='ocrx_word' id='word_1_91' title='bbox 1171 1279 1297 1325; x_wconf 87' lang='lat' dir='ltr'><strong>coelo</strong></span> <span class='ocrx_word' id='word_1_92' title='bbox 1316 1280 1545 1343; x_wconf 82' lang='lat' dir='ltr'><strong>prospicit</strong></span> <span class='ocrx_word' id='word_1_93' title='bbox 1563 1296 1703 1342; x_wconf 86' lang='lat' dir='ltr'><strong>super</strong></span> <span class='ocrx_word' id='word_1_94' title='bbox 1722 1278 1842 1324; x_wconf 88' lang='lat' dir='ltr'><strong>filios</strong></span> <span class='ocrx_word' id='word_1_95' title='bbox 1863 1276 2012 1324; x_wconf 85' lang='lat' dir='ltr'><strong>homi-</strong></span> 
     </span>
     <span class='ocr_line' id='line_1_14' title="bbox 600 1354 2008 1420; baseline 0.001 -21"><span class='ocrx_word' id='word_1_96' title='bbox 600 1372 737 1410; x_wconf 87' lang='lat' dir='ltr'><strong>num,</strong></span> <span class='ocrx_word' id='word_1_97' title='bbox 768 1364 813 1400; x_wconf 91' lang='lat' dir='ltr'><strong>et</strong></span> <span class='ocrx_word' id='word_1_98' title='bbox 847 1354 974 1401; x_wconf 86' lang='lat' dir='ltr'><strong>videt</strong></span> <span class='ocrx_word' id='word_1_99' title='bbox 1009 1373 1173 1402; x_wconf 87' lang='lat' dir='ltr'><strong>omnes</strong></span> <span class='ocrx_word' id='word_1_100' title='bbox 1205 1356 1423 1420; x_wconf 83' lang='lat' dir='ltr'><strong>amplecti</strong></span> <span class='ocrx_word' id='word_1_101' title='bbox 1462 1357 1688 1403; x_wconf 84' lang='lat' dir='ltr'><strong>vanitates</strong></span> <span class='ocrx_word' id='word_1_102' title='bbox 1722 1356 2008 1410; x_wconf 84' lang='lat' dir='ltr'><strong>vanitatum,</strong></span> 
     </span>
     <span class='ocr_line' id='line_1_15' title="bbox 598 1431 2012 1499; baseline 0.001 -22"><span class='ocrx_word' id='word_1_103' title='bbox 598 1431 763 1478; x_wconf 88' lang='lat' dir='ltr'><strong>acerba</strong></span> <span class='ocrx_word' id='word_1_104' title='bbox 784 1432 996 1495; x_wconf 88' lang='lat' dir='ltr'><strong>passione</strong></span> <span class='ocrx_word' id='word_1_105' title='bbox 1015 1435 1219 1497; x_wconf 87' lang='lat' dir='ltr'><strong>perculit</strong></span> <span class='ocrx_word' id='word_1_106' title='bbox 1240 1451 1398 1499; x_wconf 77' lang='lat' dir='ltr'><strong>regem</strong></span> <span class='ocrx_word' id='word_1_107' title='bbox 1426 1435 1714 1498; x_wconf 79' lang='lat' dir='ltr'><strong>Anglorum,</strong></span> <span class='ocrx_word' id='word_1_108' title='bbox 1737 1431 2012 1479; x_wconf 89' lang='lat' dir='ltr'><strong>multimoda</strong></span> 
     </span>
     <span class='ocr_line' id='line_1_16' title="bbox 597 1509 2013 1575; baseline 0 -21"><span class='ocrx_word' id='word_1_109' title='bbox 597 1509 828 1555; x_wconf 89' lang='lat' dir='ltr'><strong>scelerum</strong></span> <span class='ocrx_word' id='word_1_110' title='bbox 849 1510 960 1556; x_wconf 72' lang='lat' dir='ltr'><strong>faece</strong></span> <span class='ocrx_word' id='word_1_111' title='bbox 986 1511 1363 1575; x_wconf 82' lang='lat' dir='ltr'><strong>coinquinatum.</strong></span> <span class='ocrx_word' id='word_1_112' title='bbox 1387 1509 1688 1575; x_wconf 76' lang='lat' dir='ltr'><strong>AEgritudine</strong></span> <span class='ocrx_word' id='word_1_113' title='bbox 1716 1510 1861 1574; x_wconf 80' lang='lat' dir='ltr'><strong>igitur</strong></span> <span class='ocrx_word' id='word_1_114' title='bbox 1883 1509 2013 1554; x_wconf 88' lang='lat' dir='ltr'><strong>mul-</strong></span> 
     </span>
     <span class='ocr_line' id='line_1_17' title="bbox 599 1586 2014 1652; baseline 0.001 -20"><span class='ocrx_word' id='word_1_115' title='bbox 599 1597 770 1643; x_wconf 86' lang='lat' dir='ltr'><strong>ctatus,</strong></span> <span class='ocrx_word' id='word_1_116' title='bbox 798 1586 1060 1634; x_wconf 84' lang='lat' dir='ltr'><strong>sacerdotes</strong></span> <span class='ocrx_word' id='word_1_117' title='bbox 1083 1589 1272 1634; x_wconf 85' lang='lat' dir='ltr'><strong>Domini</strong></span> <span class='ocrx_word' id='word_1_118' title='bbox 1302 1588 1569 1646; x_wconf 87' lang='lat' dir='ltr'><strong>advocavit,</strong></span> <span class='ocrx_word' id='word_1_119' title='bbox 1592 1587 1917 1652; x_wconf 76' lang='lat' dir='ltr'><strong>spiritualibus</strong></span> <span class='ocrx_word' id='word_1_120' title='bbox 1933 1605 2014 1634; x_wconf 87' lang='lat' dir='ltr'><strong>ar—</strong></span> 
     </span>
     <span class='ocr_line' id='line_1_18' title="bbox 599 1664 2011 1721; baseline 0 -12"><span class='ocrx_word' id='word_1_121' title='bbox 599 1664 789 1710; x_wconf 87' lang='lat' dir='ltr'><strong>chiatris</strong></span> <span class='ocrx_word' id='word_1_122' title='bbox 837 1665 1007 1711; x_wconf 81' lang='lat' dir='ltr'><strong>animae</strong></span> <span class='ocrx_word' id='word_1_123' title='bbox 1056 1683 1150 1711; x_wconf 82' lang='lat' dir='ltr'><strong>suae</strong></span> <span class='ocrx_word' id='word_1_124' title='bbox 1192 1666 1348 1712; x_wconf 86' lang='lat' dir='ltr'><strong>ulcera</strong></span> <span class='ocrx_word' id='word_1_125' title='bbox 1400 1667 1689 1712; x_wconf 75' lang='lat' dir='ltr'><strong>confessione</strong></span> <span class='ocrx_word' id='word_1_126' title='bbox 1731 1664 2011 1721; x_wconf 84' lang='lat' dir='ltr'><strong>denudavit,</strong></span> 
     </span>
     <span class='ocr_line' id='line_1_19' title="bbox 600 1741 2015 1807; baseline 0 -20"><span class='ocrx_word' id='word_1_127' title='bbox 600 1741 979 1789; x_wconf 85' lang='lat' dir='ltr'><strong>emendationem</strong></span> <span class='ocrx_word' id='word_1_128' title='bbox 996 1743 1106 1789; x_wconf 82' lang='lat' dir='ltr'><strong>vitae</strong></span> <span class='ocrx_word' id='word_1_129' title='bbox 1127 1745 1373 1807; x_wconf 88' lang='lat' dir='ltr'><strong>promisit,</strong></span> <span class='ocrx_word' id='word_1_130' title='bbox 1392 1755 1438 1790; x_wconf 90' lang='lat' dir='ltr'><strong>et</strong></span> <span class='ocrx_word' id='word_1_131' title='bbox 1460 1744 1792 1791; x_wconf 87' lang='lat' dir='ltr'><strong>ecclesiasticos</strong></span> <span class='ocrx_word' id='word_1_132' title='bbox 1810 1752 2015 1788; x_wconf 85' lang='lat' dir='ltr'><strong>rectores</strong></span> 
     </span>
     <span class='ocr_line' id='line_1_20' title="bbox 598 1818 2015 1884; baseline 0 -20"><span class='ocrx_word' id='word_1_133' title='bbox 598 1818 854 1865; x_wconf 89' lang='lat' dir='ltr'><strong>secundum</strong></span> <span class='ocrx_word' id='word_1_134' title='bbox 884 1820 1178 1866; x_wconf 84' lang='lat' dir='ltr'><strong>voluntatem</strong></span> <span class='ocrx_word' id='word_1_135' title='bbox 1195 1820 1389 1867; x_wconf 88' lang='lat' dir='ltr'><strong>Domini</strong></span> <span class='ocrx_word' id='word_1_136' title='bbox 1418 1820 1825 1884; x_wconf 85' lang='lat' dir='ltr'><strong>archiepiscopum</strong></span> <span class='ocrx_word' id='word_1_137' title='bbox 1844 1820 2015 1883; x_wconf 81' lang='lat' dir='ltr'><strong>eligere</strong></span> 
     </span>
     <span class='ocr_line' id='line_1_21' title="bbox 602 1897 2014 1960; baseline 0.001 -19"><span class='ocrx_word' id='word_1_138' title='bbox 602 1897 843 1959; x_wconf 75' lang='lat' dir='ltr'><strong>praecepit.</strong></span> <span class='ocrx_word' id='word_1_139' title='bbox 867 1897 1002 1943; x_wconf 89' lang='lat' dir='ltr'><strong>Tunc</strong></span> <span class='ocrx_word' id='word_1_140' title='bbox 1020 1897 1142 1944; x_wconf 84' lang='lat' dir='ltr'><strong>sorte</strong></span> <span class='ocrx_word' id='word_1_141' title='bbox 1165 1898 1414 1944; x_wconf 88' lang='lat' dir='ltr'><strong>Anselmus</strong></span> <span class='ocrx_word' id='word_1_142' title='bbox 1436 1899 1739 1944; x_wconf 86' lang='lat' dir='ltr'><strong>Beccensium</strong></span> <span class='ocrx_word' id='word_1_143' title='bbox 1766 1897 1909 1943; x_wconf 88' lang='lat' dir='ltr'><strong>abbas</strong></span> <span class='ocrx_word' id='word_1_144' title='bbox 1928 1914 2014 1960; x_wconf 89' lang='lat' dir='ltr'><strong>pro</strong></span> 
     </span>
     <span class='ocr_line' id='line_1_22' title="bbox 601 1972 2010 2039; baseline 0.001 -21"><span class='ocrx_word' id='word_1_145' title='bbox 601 1972 882 2019; x_wconf 85' lang='lat' dir='ltr'><strong>utilitatibus</strong></span> <span class='ocrx_word' id='word_1_146' title='bbox 904 1974 1111 2020; x_wconf 80' lang='lat' dir='ltr'><strong>ecclesiae</strong></span> <span class='ocrx_word' id='word_1_147' title='bbox 1137 1992 1231 2020; x_wconf 84' lang='lat' dir='ltr'><strong>suae</strong></span> <span class='ocrx_word' id='word_1_148' title='bbox 1270 1977 1319 2020; x_wconf 91' lang='lat' dir='ltr'><strong>in</strong></span> <span class='ocrx_word' id='word_1_149' title='bbox 1350 1975 1573 2039; x_wconf 77' lang='lat' dir='ltr'><strong>Angliam</strong></span> <span class='ocrx_word' id='word_1_150' title='bbox 1611 1975 2010 2020; x_wconf 82' lang='lat' dir='ltr'><strong>transfretaverat.</strong></span> 
     </span>
     <span class='ocr_line' id='line_1_23' title="bbox 602 2049 2010 2115; baseline 0.001 -20"><span class='ocrx_word' id='word_1_151' title='bbox 602 2049 774 2096; x_wconf 85' lang='lat' dir='ltr'><strong>Audita</strong></span> <span class='ocrx_word' id='word_1_152' title='bbox 827 2051 1033 2115; x_wconf 88' lang='lat' dir='ltr'><strong>jussione</strong></span> <span class='ocrx_word' id='word_1_153' title='bbox 1084 2052 1208 2115; x_wconf 77' lang='lat' dir='ltr'><strong>regis</strong></span> <span class='ocrx_word' id='word_1_154' title='bbox 1250 2051 1307 2098; x_wconf 88' lang='lat' dir='ltr'><strong>de</strong></span> <span class='ocrx_word' id='word_1_155' title='bbox 1359 2052 1718 2115; x_wconf 81' lang='lat' dir='ltr'><strong>metropolitani</strong></span> <span class='ocrx_word' id='word_1_156' title='bbox 1763 2051 2010 2105; x_wconf 88' lang='lat' dir='ltr'><strong>electione,</strong></span> 
     </span>
     <span class='ocr_line' id='line_1_24' title="bbox 602 2129 2012 2187; baseline 0.001 -14"><span class='ocrx_word' id='word_1_157' title='bbox 602 2139 759 2174; x_wconf 89' lang='lat' dir='ltr'><strong>sancta</strong></span> <span class='ocrx_word' id='word_1_158' title='bbox 793 2129 999 2175; x_wconf 88' lang='lat' dir='ltr'><strong>Ecclesia</strong></span> <span class='ocrx_word' id='word_1_159' title='bbox 1036 2129 1290 2187; x_wconf 86' lang='lat' dir='ltr'><strong>exultavit,</strong></span> <span class='ocrx_word' id='word_1_160' title='bbox 1331 2140 1619 2176; x_wconf 90' lang='lat' dir='ltr'><strong>conventum</strong></span> <span class='ocrx_word' id='word_1_161' title='bbox 1649 2130 1889 2176; x_wconf 87' lang='lat' dir='ltr'><strong>seniorum</strong></span> <span class='ocrx_word' id='word_1_162' title='bbox 1923 2145 2012 2174; x_wconf 88' lang='lat' dir='ltr'><strong>una</strong></span> 
     </span>
     <span class='ocr_line' id='line_1_25' title="bbox 602 2205 2016 2272; baseline 0.001 -22"><span class='ocrx_word' id='word_1_163' title='bbox 602 2206 908 2269; x_wconf 75' lang='lat' dir='ltr'><strong>congregavit</strong></span> <span class='ocrx_word' id='word_1_164' title='bbox 921 2242 933 2262; x_wconf 91' lang='lat'><strong>,</strong></span> <span class='ocrx_word' id='word_1_165' title='bbox 953 2217 1000 2252; x_wconf 87' lang='lat' dir='ltr'><strong>et</strong></span> <span class='ocrx_word' id='word_1_166' title='bbox 1017 2205 1074 2253; x_wconf 87' lang='lat' dir='ltr'><strong>de</strong></span> <span class='ocrx_word' id='word_1_167' title='bbox 1095 2208 1287 2271; x_wconf 78' lang='lat' dir='ltr'><strong>negotio</strong></span> <span class='ocrx_word' id='word_1_168' title='bbox 1306 2225 1396 2270; x_wconf 90' lang='lat' dir='ltr'><strong>pro</strong></span> <span class='ocrx_word' id='word_1_169' title='bbox 1419 2225 1514 2272; x_wconf 87' lang='lat' dir='ltr'><strong>quo</strong></span> <span class='ocrx_word' id='word_1_170' title='bbox 1538 2218 1876 2263; x_wconf 86' lang='lat' dir='ltr'><strong>convenerant,</strong></span> <span class='ocrx_word' id='word_1_171' title='bbox 1901 2217 2016 2252; x_wconf 88' lang='lat' dir='ltr'><strong>trac-</strong></span> 
     </span>
    </p>
   </div>
   <div class='ocr_carea' id='block_1_7' title="bbox 602 2283 2065 2506">
    <p class='ocr_par' dir='ltr' id='par_1_7' title="bbox 602 2283 2065 2506">
     <span class='ocr_line' id='line_1_26' title="bbox 602 2283 2065 2348; baseline 0.001 -21"><span class='ocrx_word' id='word_1_172' title='bbox 602 2293 701 2328; x_wconf 90' lang='lat' dir='ltr'><strong>tare</strong></span> <span class='ocrx_word' id='word_1_173' title='bbox 722 2283 887 2346; x_wconf 76' lang='lat' dir='ltr'><strong>coepit.</strong></span> <span class='ocrx_word' id='word_1_174' title='bbox 915 2283 1126 2330; x_wconf 87' lang='lat' dir='ltr'><strong>Tandem</strong></span> <span class='ocrx_word' id='word_1_175' title='bbox 1152 2285 1441 2332; x_wconf 86' lang='lat' dir='ltr'><strong>considerata</strong></span> <span class='ocrx_word' id='word_1_176' title='bbox 1463 2287 1707 2333; x_wconf 87' lang='lat' dir='ltr'><strong>sanctitate</strong></span> <span class='ocrx_word' id='word_1_177' title='bbox 1731 2295 1778 2330; x_wconf 89' lang='lat' dir='ltr'><strong>et</strong></span> <span class='ocrx_word' id='word_1_178' title='bbox 1793 2284 2012 2348; x_wconf 88' lang='lat' dir='ltr'><strong>sapientia</strong></span> <span class='ocrx_word' id='word_1_179' title='bbox 2062 2306 2065 2337; x_wconf 60' lang='lat' dir='ltr'><strong>i</strong></span> 
     </span>
     <span class='ocr_line' id='line_1_27' title="bbox 602 2359 2065 2425; baseline 0.001 -20"><span class='ocrx_word' id='word_1_180' title='bbox 602 2359 885 2407; x_wconf 88' lang='lat' dir='ltr'><strong>venerabilis</strong></span> <span class='ocrx_word' id='word_1_181' title='bbox 906 2361 1117 2408; x_wconf 87' lang='lat' dir='ltr'><strong>Anselmi</strong></span> <span class='ocrx_word' id='word_1_182' title='bbox 1136 2400 1147 2420; x_wconf 94' lang='lat'><strong>,</strong></span> <span class='ocrx_word' id='word_1_183' title='bbox 1177 2363 1481 2410; x_wconf 87' lang='lat' dir='ltr'><strong>concorditer</strong></span> <span class='ocrx_word' id='word_1_184' title='bbox 1500 2380 1662 2410; x_wconf 90' lang='lat' dir='ltr'><strong>omnes</strong></span> <span class='ocrx_word' id='word_1_185' title='bbox 1683 2363 1835 2425; x_wconf 87' lang='lat' dir='ltr'><strong>ipsum</strong></span> <span class='ocrx_word' id='word_1_186' title='bbox 1858 2362 2013 2425; x_wconf 78' lang='lat' dir='ltr'><strong>elege-</strong></span> <span class='ocrx_word' id='word_1_187' title='bbox 2062 2371 2065 2399; x_wconf 71' lang='grc' dir='ltr'>ἑ</span> 
     </span>
     <span class='ocr_line' id='line_1_28' title="bbox 603 2439 2063 2506; baseline 0.003 -23"><span class='ocrx_word' id='word_1_188' title='bbox 603 2449 718 2484; x_wconf 90' lang='lat' dir='ltr'><strong>runt</strong></span> <span class='ocrx_word' id='word_1_189' title='bbox 747 2439 795 2485; x_wconf 88' lang='lat' dir='ltr'><strong>in</strong></span> <span class='ocrx_word' id='word_1_190' title='bbox 823 2440 1014 2486; x_wconf 89' lang='lat' dir='ltr'><strong>nomine</strong></span> <span class='ocrx_word' id='word_1_191' title='bbox 1036 2441 1257 2498; x_wconf 87' lang='lat' dir='ltr'><strong>Domini,</strong></span> <span class='ocrx_word' id='word_1_192' title='bbox 1286 2442 1585 2506; x_wconf 85' lang='lat' dir='ltr'><strong>multumque</strong></span> <span class='ocrx_word' id='word_1_193' title='bbox 1608 2441 1921 2496; x_wconf 84' lang='lat' dir='ltr'><strong>renitentem,</strong></span> <span class='ocrx_word' id='word_1_194' title='bbox 1948 2455 2014 2485; x_wconf 89' lang='lat' dir='ltr'><strong>se-</strong></span> <span class='ocrx_word' id='word_1_195' title='bbox 2060 2439 2063 2488; x_wconf 69' lang='grc' dir='ltr'><strong>ἒ</strong></span> 
     </span>
    </p>
   </div>
   <div class='ocr_carea' id='block_1_8' title="bbox 604 2516 2014 2583">
    <p class='ocr_par' dir='ltr' id='par_1_8' title="bbox 604 2516 2014 2583">
     <span class='ocr_line' id='line_1_29' title="bbox 604 2516 2014 2583; baseline 0.001 -21"><span class='ocrx_word' id='word_1_196' title='bbox 604 2516 811 2563; x_wconf 81' lang='lat' dir='ltr'><strong>cundum</strong></span> <span class='ocrx_word' id='word_1_197' title='bbox 829 2535 1013 2564; x_wconf 82' lang='lat' dir='ltr'><strong>morem</strong></span> <span class='ocrx_word' id='word_1_198' title='bbox 1030 2520 1391 2566; x_wconf 86' lang='lat' dir='ltr'><strong>ecclesiasticum</strong></span> <span class='ocrx_word' id='word_1_199' title='bbox 1405 2556 1418 2577; x_wconf 87' lang='lat'><strong>,</strong></span> <span class='ocrx_word' id='word_1_200' title='bbox 1441 2529 1804 2583; x_wconf 83' lang='lat' dir='ltr'><strong>praeposuerunt</strong></span> <span class='ocrx_word' id='word_1_201' title='bbox 1821 2518 2014 2564; x_wconf 87' lang='lat' dir='ltr'><strong>Cantua-</strong></span> 
     </span>
    </p>
   </div>
   <div class='ocr_carea' id='block_1_9' title="bbox 602 2594 2061 2817">
    <p class='ocr_par' dir='ltr' id='par_1_9' title="bbox 602 2594 2061 2817">
     <span class='ocr_line' id='line_1_30' title="bbox 603 2594 2061 2660; baseline 0.003 -22"><span class='ocrx_word' id='word_1_202' title='bbox 603 2594 786 2640; x_wconf 81' lang='lat' dir='ltr'><strong>riorum</strong></span> <span class='ocrx_word' id='word_1_203' title='bbox 811 2596 1085 2658; x_wconf 81' lang='lat' dir='ltr'><strong>metropoli.</strong></span> <span class='ocrx_word' id='word_1_204' title='bbox 1115 2597 1462 2644; x_wconf 77' lang='lat' dir='ltr'><strong>inthronizatus</strong></span> <span class='ocrx_word' id='word_1_205' title='bbox 1497 2597 1652 2660; x_wconf 83' lang='lat' dir='ltr'><strong>itaque</strong></span> <span class='ocrx_word' id='word_1_206' title='bbox 1683 2596 1827 2641; x_wconf 87' lang='lat' dir='ltr'><strong>solers</strong></span> <span class='ocrx_word' id='word_1_207' title='bbox 1859 2606 2014 2658; x_wconf 85' lang='lat' dir='ltr'><strong>pastor</strong></span> <span class='ocrx_word' id='word_1_208' title='bbox 2059 2630 2061 2643; x_wconf 39' lang='lat'><strong><em>4</em></strong></span> 
     </span>
     <span class='ocr_line' id='line_1_31' title="bbox 602 2671 2059 2738; baseline 0.001 -22"><span class='ocrx_word' id='word_1_209' title='bbox 602 2671 875 2735; x_wconf 75' lang='lat' dir='ltr'><strong>frequenter</strong></span> <span class='ocrx_word' id='word_1_210' title='bbox 922 2674 1176 2736; x_wconf 77' lang='lat' dir='ltr'><strong>ingemuit,</strong></span> <span class='ocrx_word' id='word_1_211' title='bbox 1226 2675 1486 2738; x_wconf 84' lang='lat' dir='ltr'><strong>prudenter</strong></span> <span class='ocrx_word' id='word_1_212' title='bbox 1534 2673 1829 2737; x_wconf 83' lang='lat' dir='ltr'><strong>perpendens</strong></span> <span class='ocrx_word' id='word_1_213' title='bbox 1877 2689 2011 2737; x_wconf 83' lang='lat' dir='ltr'><strong>quam</strong></span> <span class='ocrx_word' id='word_1_214' title='bbox 2057 2679 2059 2722; x_wconf 57' lang='grc' dir='ltr'>ᾗ</span> 
     </span>
     <span class='ocr_line' id='line_1_32' title="bbox 604 2750 2058 2817; baseline -0.001 -22"><span class='ocrx_word' id='word_1_215' title='bbox 604 2767 744 2813; x_wconf 80' lang='lat' dir='ltr'><strong>grave</strong></span> <span class='ocrx_word' id='word_1_216' title='bbox 761 2762 808 2796; x_wconf 85' lang='lat' dir='ltr'><strong>et</strong></span> <span class='ocrx_word' id='word_1_217' title='bbox 825 2752 1139 2814; x_wconf 85' lang='lat' dir='ltr'><strong>periculosum</strong></span> <span class='ocrx_word' id='word_1_218' title='bbox 1157 2753 1338 2817; x_wconf 82' lang='lat' dir='ltr'><strong>pondus</strong></span> <span class='ocrx_word' id='word_1_219' title='bbox 1359 2752 1414 2799; x_wconf 83' lang='lat' dir='ltr'><strong>ad</strong></span> <span class='ocrx_word' id='word_1_220' title='bbox 1435 2752 1722 2815; x_wconf 81' lang='lat' dir='ltr'><strong>portandum</strong></span> <span class='ocrx_word' id='word_1_221' title='bbox 1743 2750 2008 2814; x_wconf 84' lang='lat' dir='ltr'><strong>susceperit.</strong></span> <span class='ocrx_word' id='word_1_222' title='bbox 2056 2781 2058 2788; x_wconf 41' lang='grc' dir='ltr'><em>ι</em></span> 
     </span>
    </p>
   </div>
   <div class='ocr_carea' id='block_1_10' title="bbox 604 2827 2013 2893">
    <p class='ocr_par' dir='ltr' id='par_1_10' title="bbox 604 2827 2013 2893">
     <span class='ocr_line' id='line_1_33' title="bbox 604 2827 2013 2893; baseline -0.001 -21"><span class='ocrx_word' id='word_1_223' title='bbox 604 2827 709 2873; x_wconf 84' lang='lat' dir='ltr'><strong>Non</strong></span> <span class='ocrx_word' id='word_1_224' title='bbox 733 2830 1064 2875; x_wconf 77' lang='lat' dir='ltr'><strong>intumescebat</strong></span> <span class='ocrx_word' id='word_1_225' title='bbox 1088 2848 1175 2893; x_wconf 83' lang='lat' dir='ltr'><strong>pro</strong></span> <span class='ocrx_word' id='word_1_226' title='bbox 1195 2832 1259 2876; x_wconf 79' lang='lat' dir='ltr'><strong>sui</strong></span> <span class='ocrx_word' id='word_1_227' title='bbox 1281 2831 1638 2878; x_wconf 63' lang='lat' dir='ltr'><strong>sublimatione„</strong></span> <span class='ocrx_word' id='word_1_228' title='bbox 1665 2830 1738 2875; x_wconf 82' lang='lat' dir='ltr'><strong>sed</strong></span> <span class='ocrx_word' id='word_1_229' title='bbox 1758 2827 2013 2892; x_wconf 72' lang='lat' dir='ltr'><strong>trepidabat</strong></span> 
     </span>
    </p>
   </div>
  </div>
 </body>
</html>
