2085 3455
525 288 573 325 42
886 289 1127 329 HISTORIA
1158 292 1554 332 ECCLESIASTICA.

520 373 706 421 Ricardi
726 374 852 422 ducis
870 393 1065 423 uxorem
1078 377 1226 436 duxit,
1244 396 1299 426 ex
1317 399 1404 446 qua
1423 380 1713 427 Bernardum
1734 392 1910 444 patrem

521 449 745 497 Gualterii
781 452 836 498 de
869 453 1309 503 Sancto-Gualerico
1355 468 1400 503 et
1434 457 1685 503 Ricardum
1727 456 1784 503 de
1820 459 1914 503 Hu-

521 527 707 590 glevilla
750 529 924 593 genuit.
969 530 1193 578 Ricardus
1233 544 1387 579 autem
1429 533 1533 580 duci
1579 534 1884 580 Normanniae
1902 569 1912 589 ,

520 604 753 651 avunculo
771 604 987 653 videlicet
1005 625 1105 665 suo,
1130 608 1209 655 diu
1226 610 1468 667 militavit,
1493 612 1619 674 cujus
1638 611 1765 657 dono
1788 610 1917 656 nobi-

520 679 612 726 lem
632 681 796 739 Adam,
820 684 1034 730 Herluini
1057 687 1174 731 senis
1196 686 1252 732 de
1272 688 1534 751 Huglevilla
1553 688 1783 743 relictam,
1809 706 1912 734 cum

520 767 619 804 toto
644 760 929 822 patrimonio
959 763 1053 826 ejus
1072 765 1265 827 accepit.
1302 765 1445 810 Multa
1474 764 1701 828 siquidem
1730 764 1823 810 dux
1848 765 1912 810 illi

519 834 666 894 dedit,
695 849 740 883 et
778 839 928 886 multo
954 842 1127 904 majora
1154 843 1395 904 promisit,
1423 852 1469 888 et
1502 843 1726 905 promissa
1753 842 1917 887 libera-

519 913 627 959 liter
648 915 946 978 complesset,
965 918 999 962 si
1020 917 1260 965 humiliter
1279 919 1346 965 illi
1363 918 1630 966 famulando
1651 919 1913 982 placuisset.

518 989 603 1035 Hic
643 1008 783 1054 super
818 992 1008 1050 Sedam,
1042 994 1089 1039 in
1122 995 1247 1051 vico,
1281 996 1360 1059 qui
1398 995 1512 1042 olim
1536 995 1807 1041 Isnellivilla
1846 995 1915 1057 (ι)

519 1066 800 1125 vocabatur,
850 1069 1053 1134 burgum
1100 1073 1342 1118 constituit
1359 1110 1371 1129 ,
1418 1084 1463 1118 et
1510 1090 1600 1136 pro
1653 1073 1914 1118 imminenti

519 1154 680 1190 monte
704 1145 807 1190 altis
830 1146 942 1210 fagis
974 1147 1127 1194 obsito
1161 1149 1399 1212 Alsagium
1430 1151 1736 1213 nuncupavit.
1773 1150 1917 1213 Leges

517 1221 655 1266 etiam
675 1221 1065 1269 Cormeliensium
1085 1225 1154 1286 (2)
1178 1225 1356 1272 colonis
1384 1226 1559 1272 intulit.
1587 1226 1782 1271 Militari
1807 1243 1917 1289 pro·

519 1296 665 1344 bitate
688 1310 734 1344 et
761 1300 938 1363 ingenti
962 1300 1240 1348 liberalitate
1263 1303 1438 1366 viguit,
1458 1302 1580 1348 unde
1601 1302 1811 1349 hostibus
1830 1305 1917 1349 sor-

516 1374 758 1421 midabilis
781 1388 827 1422 et
849 1376 966 1423 fidus
988 1379 1146 1424 amicis
1166 1379 1337 1424 extitit.

581 1453 814 1516 Tempore
832 1453 1074 1501 Guillelmi
1090 1456 1273 1518 juvenis
1299 1457 1388 1519 (ὅ),
1413 1455 1494 1502 filii
1518 1454 1745 1502 Rodberti
1767 1454 1913 1511 ducis,

515 1527 624 1574 dum
650 1528 930 1577 Guillelmus
953 1531 1009 1577 de
1031 1531 1196 1578 Archis
1218 1543 1381 1579 contra
1399 1533 1565 1579 ducem
1583 1532 1851 1590 rebellavit,
1874 1544 1919 1579 ct

515 1622 634 1667 pene
667 1607 880 1653 omnium
916 1608 1266 1671 Talogiensium
1297 1610 1457 1672 parilis
1481 1608 1684 1655 desectus
1714 1608 1917 1655 nothum

516 1684 781 1747 principem
804 1685 1006 1732 deseruit
1022 1722 1034 1742 ,
1067 1687 1189 1733 solus
1212 1687 1437 1734 Ricardus
1461 1698 1624 1734 contra
1652 1686 1848 1733 rebelles
1869 1688 1915 1732 in

516 1762 704 1809 castello
733 1780 814 1809 suo
836 1780 962 1809 secus
981 1764 1221 1810 ecclesiam
1244 1764 1581 1811 Sancti-Albini
1613 1765 1843 1828 perstitit,
1872 1775 1918 1810 et

518 1856 605 1902 pro
622 1839 842 1887 fidelitate
853 1841 981 1888 ducis
1000 1852 1164 1888 contra
1179 1842 1412 1889 discursus
1426 1843 1707 1890 Archacensi
1715 1860 1791 1889 um
1810 1860 1917 1906 pro-

516 1916 717 1962 vinciam
743 1918 1152 1982 circumjacentem
1182 1918 1419 1966 defensare
1445 1921 1627 1984 sategit.
1665 1919 1916 1984 Adjutores

515 2005 669 2040 autem
698 1997 792 2059 ejus
821 1996 869 2041 in
899 1996 981 2042 illo
1014 1995 1238 2043 conflictu
1262 1997 1531 2044 Goisfredus
1557 2014 1700 2062 gener
1723 1999 1844 2062 ejuS,
1871 2009 1916 2043 et

514 2072 652 2136 Hugo
679 2072 736 2119 de
760 2073 1125 2132 MoriO-Monte,
1153 2074 1431 2122 Turchetilli
1456 2075 1512 2122 de
1547 2075 1913 2122 Novo-Mercato

514 2148 595 2194 filii
639 2150 732 2212 (lg),
759 2151 973 2209 fuerunm
1001 2169 1056 2198 ex
1084 2152 1252 2216 quibus
1279 2154 1526 2217 Hngonem
1556 2171 1659 2200 cum
1693 2152 1912 2199 omnibus

560 2360 608 2404 (1)
633 2360 687 2394 En
706 2361 875 2407 francais,
908 2363 1134 2397 Isneauville.
1160 2364 1260 2398 Nous
1290 2365 1433 2399 n'avons
1460 2377 1520 2411 pas
1544 2365 1798 2399 connaissance
1822 2365 1910 2411 qu'il

516 2419 565 2453 ait
581 2419 735 2453 subsiste
754 2420 798 2454 de
817 2428 929 2455 traces
950 2422 994 2456 de
1013 2434 1051 2457 ce
1070 2435 1155 2457 nom
1175 2423 1264 2457 dans
1285 2424 1317 2458 le
1333 2425 1516 2459 territoirc
1531 2424 1685 2459 d'Aufai.

557 2478 605 2524 (2)
625 2478 688 2512 Les
711 2491 851 2526 usageS,
878 2480 928 2515 les
947 2489 1135 2516 coutumes
1158 2482 1286 2518 locales
1315 2496 1385 2531 que
1403 2484 1578 2518 snivaicnt
1599 2483 1648 2518 les
1664 2483 1847 2518 habitants
1864 2484 1908 2518 de

512 2537 740 2581 Cormessles,
761 2551 904 2574 vassaux
925 2540 986 2574 des
1004 2542 1189 2587 seigneurs
1207 2542 1251 2577 de
1270 2543 1440 2578 Breteuil.

559 2595 608 2642 (3)
627 2599 656 2632 A
675 2597 839 2645 l'epoque
857 2599 902 2633 de
919 2600 951 2634 la
967 2600 1134 2646 jeunesse
1157 2602 1202 2636 de
1224 2602 1749 2649 Guillaume-le-Couquerant.
1780 2602 1826 2636 La
1851 2604 1904 2636 re'-

512 2656 603 2690 volte
621 2657 669 2691 du
691 2666 807 2693 comte
820 2659 998 2707 d'Arques
1015 2668 1078 2696 eut
1094 2662 1166 2696 lieu
1182 2675 1227 2697 en
1252 2661 1350 2697 1055.

556 2718 605 2763 (4)
625 2717 694 2752 Sur
710 2718 871 2754 Geoffroi
895 2720 942 2754 du
962 2720 1244 2765 Neuf-March‹2·‚
1270 2735 1375 2768 voyez
1395 2722 1584 2765 ci-(lcssns,
1608 2729 1632 2754 t.
1659 2722 1709 2763 H,
1730 2734 1763 2767 p.
1791 2733 1849 2755 112
1871 2729 1905 2755 ct

511 2776 591 2823 396.
619 2778 717 2813 Nous
744 2787 912 2815 trouvons
940 2782 983 2815 ici
1015 2782 1044 2815 la
1070 2782 1321 2816 confirmation
1350 2782 1393 2815 de
1423 2782 1453 2815 la
1483 2782 1688 2824 conjecture
1716 2792 1785 2826 quc
1814 2792 1903 2814 nous
