2085 3455
536 242 611 277 170
898 240 1137 278 HISTORIA
1170 240 1575 279 ECCLESlAbTICA.
1806 243 1942 290 [1081'1

532 325 570 370 A
599 335 804 390 quatuor
838 326 1002 372 mundi
1040 327 1305 374 climatibus
1344 329 1389 373 in
1426 344 1622 374 munere
1657 327 1946 374 bellatorum

530 401 746 449 cohortes
775 415 939 450 contra
978 421 1085 450 eum
1122 406 1437 461 conveniunt,
1476 407 1721 469 ipsumque
1743 406 1839 451 vita
1872 423 1946 451 re-

529 496 718 544 gnoque
743 481 930 543 privare
954 482 1159 528 multum
1184 483 1337 529 conati
1358 494 1482 528 sunt.
1504 482 1591 528 Sed
1615 484 1785 528 frustra
1811 483 1947 529 vehe-

530 568 715 603 menter
752 557 1107 605 laboraverunt.
1149 560 1268 606 Nam
1308 562 1403 624 ipse
1439 563 1608 606 muitas
1643 561 1947 607 inimicorum

533 635 722 681 insidias
761 647 1042 700 protegente
1081 638 1180 683 Deo
1219 639 1389 693 evasit,
1426 649 1472 683 et
1511 639 1556 683 in
1597 649 1833 683 senectute
1869 655 1945 682 sua

530 711 799 775 johannem
818 713 968 759 filium
988 732 1124 759 sunm
1144 726 1414 761 consortem
1435 716 1620 777 imperii
1641 715 1854 777 secit(1).
1873 715 1947 759 Sic

530 791 710 836 cunctis
748 792 983 854 sapienter
1032 792 1326 838 intuentihus
1367 793 1632 855 perspicere
1671 793 1780 838 licet
1820 790 1948 855 quod

530 884 674 932 quem
698 869 819 914 Deus
851 868 1059 915 defendit
1084 887 1136 916 ac
1157 871 1362 926 refovet,
1386 886 1528 916 nemo
1548 869 1749 933 dejicere
1765 869 1840 915 vel
1865 868 1949 915 ad—

534 944 735 991 nihilare
758 946 1004 1008 praevalet.

593 1023 818 1069 Procellis
840 1025 996 1088 itaque
1022 1035 1093 1071 tot
1118 1026 1387 1072 motionum
1402 1062 1414 1083 ,
1439 1036 1492 1071 ut
1514 1026 1742 1081 diximus,
1769 1026 1816 1071 in
1834 1026 1948 1088 llly-

530 1100 631 1146 rico
659 1100 989 1158 saevientibus,
1027 1120 1080 1148 ac
1116 1102 1346 1149 Michaele
1372 1104 1512 1149 Italos
1536 1103 1593 1150 acl
1619 1103 1847 1149 auxilium
1881 1104 1948 1148 sui

530 1177 814 1225 sollicitante
840 1179 1057 1242 lacrymis
1077 1191 1124 1225 et
1143 1180 1402 1244 questibus,
1421 1181 1657 1228 Robertus
1676 1181 1740 1225 W
1748 1179 1951 1227 iscardus

530 1271 586 1300 ex
609 1257 741 1301 omni
765 1255 939 1303 ducatu
961 1257 1147 1320 Apuliae
1172 1268 1218 1303 et
1245 1257 1474 1304 Calabriae
1498 1259 1670 1305 fortem
1691 1258 1951 1304 exercitum

531 1332 573 1378 N
577 1350 923 1380 ormannorum
942 1345 988 1380 et
1005 1334 1433 1400 Langobardorum
1449 1337 1713 1394 contraxit,
1734 1346 1782 1382 et
1800 1334 1950 1382 valida

534 1410 677 1456 classe
700 1422 861 1473 parata
876 1448 888 1467 ,
909 1423 1105 1474 portum
1135 1413 1370 1459 Ottrentae
1396 1414 1592 1460 intravit
1605 1433 1618 1471 3
1647 1412 1815 1460 deinde
1833 1430 1952 1476 pro-

531 1488 677 1551 speris
692 1489 844 1534 ventis
865 1489 1154 1551 spirantibus
1174 1507 1259 1553 per
1273 1507 1404 1536 mare
1422 1491 1623 1553 Dyracio
1641 1491 1887 1554 applicuit,
1906 1501 1953 1536 et

531 1564 779 1628 oppidanis
798 1566 1005 1612 viriliter
1021 1566 1340 1625 obstantibus,
1366 1568 1413 1613 in
1434 1567 1528 1614 fine
1547 1569 1718 1616 mensis
1732 1569 1854 1633 junii
1878 1585 1953 1613 ur-

532 1640 642 1688 bem
675 1642 876 1689 obsedit.
903 1645 958 1689 In
990 1645 1201 1691 exercitu
1235 1645 1412 1709 quippe
1443 1663 1528 1693 suo
1553 1663 1650 1692 non
1683 1646 1787 1710 plus
1811 1663 1953 1710 quam

536 1735 563 1765 x
582 1719 731 1765 millia
756 1719 1043 1767 bellatorum
1068 1720 1296 1778 habebat,
1318 1738 1406 1768 nec
1434 1739 1659 1779 numero,
1684 1722 1762 1769 sed
1783 1723 1830 1768 in
1853 1723 1953 1769 sor—

535 1795 736 1842 titudine
771 1797 991 1843 virorum
1014 1797 1305 1845 adversarios
1330 1799 1565 1855 terrebat,
1603 1811 1649 1845 et
1680 1799 1952 1846 bellicosam

532 1972 621 2006 dans
650 1972 683 2007 le
710 1981 947 2009 mouvement
972 1973 1134 2009 d’Alexis
1160 1976 1196 2009 ni
1227 1975 1272 2009 de
1299 1975 1436 2010 Michel
1457 1976 1678 2022 Parapinace
1705 1977 1742 2010 ni
1768 1975 1832 2010 des
1855 1975 1953 2010 Nor-

533 2031 673 2067 mands.
690 2032 876 2067 Personae
895 2045 941 2067 ne
959 2034 1125 2080 songeait
1143 2033 1223 2080 plus
1242 2035 1260 2067 a
1278 2034 1435 2076 Michel,
1453 2035 1531 2082 qui,
1554 2034 1640 2069 bien
1658 2047 1730 2082 que
1748 2034 1880 2069 decore
1902 2034 1953 2068 du

534 2093 618 2126 titre
640 2091 905 2140 d'archeveque
926 2085 1124 2140 d’Ephese‚
1154 2095 1248 2129 avait
1270 2097 1399 2129 trouve
1417 2102 1495 2129 tant
1512 2094 1558 2130 de
1571 2095 1721 2130 charme
1739 2095 1828 2129 dans
1847 2094 1879 2130 la
1896 2096 1951 2129 vie

534 2152 765 2199 monastique
777 2152 854 2187 etle
870 2152 997 2187 travail
1011 2153 1170 2197 manuel,
1181 2153 1270 2201 qu⁷il
1284 2156 1371 2189 etait
1381 2154 1601 2190 rentredans
1614 2167 1679 2190 son
1693 2162 1849 2189 convent
1857 2166 1951 2201 pour

533 2212 704 2259 s'ylivrer
717 2219 800 2247 tout
816 2214 836 2247 a
854 2224 920 2247 son
934 2214 1018 2247 aise.
1040 2214 1166 2259 Quant
1181 2227 1250 2249 aux
1268 2214 1488 2258 ivm-mamis,
1506 2215 1778 2249 l’insurrection
1791 2214 1950 2250 d’Alexis

532 2272 589 2307 fut
608 2284 716 2319 reque
735 2284 800 2319 par
829 2284 897 2307 eux
925 2272 1034 2308 d’une
1062 2274 1224 2309 maniere
1253 2275 1281 2309 si
1309 2287 1381 2321 pen
1407 2274 1539 2310 hostile
1566 2273 1952 2322 qu'Humbertopoule

533 2345 578 2367 en
596 2332 688 2366 avait
706 2334 763 2366 ete
774 2331 850 2367 l'un
864 2331 926 2367 des
943 2332 1025 2379 plus
1042 2333 1179 2368 chauds
1198 2335 1390 2380 partisans.
1402 2335 1474 2370 Sur
1485 2334 1536 2369 les
1549 2334 1767 2381 Varangues
1783 2333 1946 2381 Anghis,

533 2390 623 2425 dont
652 2398 757 2425 notre
776 2398 907 2426 auteur
922 2403 1014 2426 nous
1037 2393 1154 2438 parait
1171 2394 1270 2427 avoir
1285 2393 1385 2440 parle
1403 2405 1486 2427 avec
1509 2393 1755 2440 exageration‚
1769 2404 1877 2438 voyez
1895 2392 1949 2426 ci—

533 2450 670 2493 dessus,
687 2458 712 2485 t.
733 2452 767 2485 ΙΙ
780 2479 788 2493 ‚
806 2465 841 2498 p.
865 2450 928 2499 ¹73
946 2458 981 2486 et
1005 2455 1080 2500 174.
1305 2491 1309 2493 λ

579 2509 629 2554 (1)
656 2510 745 2544 Jean
771 2510 958 2544 Conmene
978 2510 1151 2557 s⁷enipara
1181 2511 1226 2546 de
1246 2511 1427 2558 l'empire,
1450 2510 1482 2544 le
1505 2509 1543 2545 15
1570 2511 1657 2545 aoslt
1686 2511 1792 2554 1¹18,
1813 2523 1896 2545 avec
1915 2511 1947 2544 lc

532 2576 808 2604 consentement
823 2570 868 2604 de
888 2581 953 2604 son
967 2571 1052 2616 pere
1066 2578 1252 2613 moni-ant,
1268 2571 1388 2618 plutot
1401 2583 1472 2618 que
1489 2570 1637 2605 celui-ci
1652 2583 1697 2605 nc
1713 2570 1745 2605 le
1761 2570 1810 2605 lui
1826 2570 1949 2605 donna

534 2640 597 2673 par
617 2640 667 2662 un
685 2634 763 2662 acte
781 2627 826 2662 de
843 2640 879 2662 sa
899 2628 1047 2663 volonte'
1074 2630 1157 2664 bien
1173 2630 1445 2677 cxplicitement
1462 2630 1659 2675 exprimee.
1682 2629 1742 2664 On
1763 2629 1830 2663 sait
1846 2635 1945 2663 toute

532 2686 765 2734 l’opposition
789 2700 860 2734 que
883 2688 1140 2735 l'irnperarrice
1168 2691 1273 2725 ‘irene
1296 2691 1361 2725 mit
1384 2690 1552 2736 jusqu'au
1575 2689 1722 2724 dernier
1741 2695 1902 2724 moment
1928 2691 1943 2721 ἐι

534 2753 627 2781 reite
650 2747 913 2781 transmissioni.
