2085 3455
579 316 655 351 224)
942 316 1184 354 HISTORIA
1216 315 1619 353 ECCLESIASTICA.
1720 318 1840 365 [CIRCA
1863 320 1980 367 1090]

578 400 838 447 nachorum
858 414 1075 467 argentea
1102 414 1285 450 textura
1304 404 1396 449 visa
1419 414 1465 448 et
1486 403 1676 467 cognita
1696 414 1837 461 esset,
1865 414 1912 449 et
1935 405 1981 450 in

577 490 815 524 conventu
839 482 1098 527 monastico
1117 498 1282 527 rumor
1302 480 1616 545 hujuscemodi
1642 491 1980 544 perstreperet,

577 555 913 613 Erembertus,
943 559 1145 622 impiger
1171 557 1430 616 coenobita,
1459 576 1565 605 cum
1583 558 1769 603 famulis
1794 575 1984 604 monas-

579 632 683 677 terii
706 632 762 679 ad
780 634 1142 681 ‹ex-monachum
1162 636 1464 700 languentem
1484 636 1715 693 accurrit,
1736 633 1984 698 subitoque

578 709 797 757 frendens
817 711 1013 774 impetU,
1033 711 1280 758 brachium
1302 714 1447 759 sancti
1466 712 1646 759 Nicolai
1666 748 1677 768 ,
1701 730 1753 758 ac
1775 712 1811 757 si
1834 710 1985 757 eidem

578 788 964 846 commendasset,
987 790 1212 837 atrociter
1229 791 1453 853 exposcit.
1476 790 1646 847 Atille,
1666 801 1717 836 ut
1729 789 1987 854 deprehen«

578 881 680 910 sum
703 883 749 912 se
773 866 912 922 vidit,
941 878 988 913 et
1014 868 1061 913 in
1088 878 1219 914 tanto
1247 868 1437 914 turbine
1463 869 1669 914 nesciens
1693 885 1789 932 quo
1811 885 1857 914 se
1879 884 1987 914 ver-

580 953 723 998 teret,
759 943 959 1006 pallidus
988 955 1035 990 et
1067 956 1272 991 tremens
1303 947 1578 1010 perurgenti
1609 945 1842 992 monacho
1871 962 1986 1009 pre—

579 1021 748 1066 tiosum
775 1022 945 1085 pignus
975 1021 1188 1079 exhibet,
1221 1023 1347 1087 quod
1376 1024 1454 1069 ille
1480 1041 1587 1070 cum
1613 1024 1792 1088 ingenti
1818 1022 1987 1088 gaudio

577 1097 776 1159 recepit,
806 1108 851 1142 et
874 1114 985 1144 mox
1008 1098 1064 1143 ad
1089 1099 1366 1145 coenobium
1387 1100 1568 1146 Sanctae
1592 1101 1862 1156 Trinitatis,
1890 1116 1989 1145 mo-

575 1173 735 1219 nachis
759 1185 805 1220 et
831 1175 1012 1222 cunctis
1038 1175 1218 1222 civibus
1244 1178 1394 1222 Deum
1420 1177 1739 1233 laudantibus,
1766 1176 1982 1232 devehit,

577 1249 736 1314 ibique
759 1263 944 1298 sanctus
968 1253 1188 1299 Nicolaus
1215 1271 1360 1318 usque
1387 1254 1526 1301 hodie
1550 1255 1749 1318 pignora
1775 1273 1853 1300 sna
1878 1254 1988 1299 fide-

578 1328 686 1373 liter
709 1330 1010 1391 poscentibus
1036 1332 1081 1376 in
1109 1331 1270 1376 multis
1297 1330 1646 1378 necessitatibus
1669 1331 1866 1377 mirifice
1890 1349 1989 1377 suc-

577 1407 744 1452 currit.
769 1407 995 1453 Praefatus
1018 1420 1171 1454 autem
1197 1408 1507 1455 Erembertus
1530 1420 1628 1455 erat
1654 1410 1844 1456 natione
1869 1408 1989 1455 Nor-

577 1499 792 1540 mannus,
808 1502 864 1529 an
874 1494 916 1529 te
928 1486 1288 1530 conversionem
1302 1486 1434 1531 miles
1444 1496 1674 1541 strenuus,
1686 1485 1987 1548 postmodum

577 1575 691 1605 vero
715 1560 972 1607 monachus
998 1562 1045 1606 in
1071 1560 1238 1608 ordine
1263 1561 1485 1608 fervidus,

643 1636 834 1684 Hisdem
871 1638 1165 1702 temporibus
1202 1639 1393 1703 quidam
1419 1641 1553 1686 miles
1581 1640 1637 1686 de
1662 1640 1955 1687 Normannia
1974 1676 1986 1697 ,

577 1714 879 1771 Guillelmus,
905 1728 1224 1780 cognomento
1245 1718 1508 1774 Pantulsus,
1538 1718 1583 1763 in
1609 1717 1829 1781 Apuliam
1847 1716 1985 1773 abiit,

577 1803 622 1837 et
642 1792 769 1856 quod
788 1805 1001 1839 sanctum
1018 1794 1266 1841 Nicolaum
1289 1795 1419 1841 valde
1437 1794 1679 1859 diligebat,
1703 1794 1761 1842 de
1780 1795 1991 1859 reliquiis

577 1869 613 1932 ej
624 1887 672 1913 us
691 1869 894 1914 multum
913 1871 1153 1934 quaesivit,
1179 1872 1372 1936 Deoque
1388 1873 1583 1934 juvante
1603 1872 1989 1935 procurationem

578 1947 695 2009 ejus,
729 1965 751 1992 a
784 1948 1093 2012 reliquiarum
1126 1948 1488 1996 translatoribus
1521 1967 1669 1995 unum
1697 1949 1911 2006 dentem,
1945 1960 1991 1995 et

577 2023 671 2071 duo
695 2026 839 2071 frusta
872 2026 929 2071 de
962 2044 1231 2074 marmoreo
1262 2028 1444 2074 tumulo
1469 2027 1694 2074 obtinuit.
1722 2028 1840 2073 Erat
1862 2027 1989 2073 enim

579 2103 624 2147 in
649 2103 791 2148 armis
814 2114 1052 2161 strenuus,
1086 2105 1276 2168 ingenio
1304 2105 1553 2168 praeditus,
1585 2106 1707 2151 inter
1732 2104 1989 2151 collimita—

576 2195 690 2224 neos
710 2196 847 2225 sensu
863 2179 1131 2245 divitiisque
1150 2182 1366 2227 maximis
1384 2182 1569 2246 Angliae
1586 2181 1826 2246 Italiaeque
1842 2180 1989 2228 domi-

579 2256 648 2301 nis
684 2257 967 2302 notissimus.
995 2259 1195 2304 Dentem
1231 2260 1385 2324 itaque
1423 2260 1540 2305 tanti
1574 2258 1765 2305 baronis
1793 2269 1986 2316 nactus,

578 2333 921 2380 Normannian]
946 2334 1108 2393 rediit,
1137 2348 1182 2383 et
1209 2337 1266 2382 ad
1293 2338 1542 2400 proprium
1568 2336 1828 2400 praedium,
1861 2336 1987 2400 quod

576 2411 756 2457 Norom
779 2411 970 2469 dicitur,
998 2414 1155 2476 plures
1177 2432 1421 2478 personas,
1453 2426 1503 2460 ut
1529 2432 1738 2479 congrue
1766 2414 1987 2479 reliquias

573 2489 885 2551 susciperent,
912 2489 1190 2538 denuntiato
1213 2493 1287 2538 die
1313 2493 1524 2539 accersiit
1547 2492 1637 2555 (i).

643 2566 785 2614 Anno
804 2568 959 2632 itaque
973 2569 1234 2616 Dominicae
1252 2570 1591 2617 incarnationis
1612 2578 1818 2627 M⁰xc⁰11⁰,
1840 2568 1987 2616 indic-

622 2757 670 2802 (ι)
697 2756 796 2791 Nous
813 2768 921 2790 avons
939 2769 984 2790 vu
1003 2757 1200 2800 ci-dessus,
1226 2766 1250 2791 t.
1271 2758 1326 2800 ΙΙ,
1350 2771 1384 2804 p.
1407 2756 1490 2801 455,
1512 2770 1582 2805 que
1602 2758 1812 2793 Guillaume
1831 2757 1987 2792 Pantoul

573 2818 666 2851 avait
687 2817 864 2863 cntrepris
885 2830 922 2851 cc
942 2829 1074 2862 voyage
1095 2818 1197 2863 apres
1217 2817 1249 2853 la
1272 2825 1367 2853 niort
1386 2817 1433 2852 du
1454 2819 1506 2852 roi
1526 2818 1750 2853 Guillaume.
