2085 3455
555 277 627 312 176
915 273 1157 311 HiSTORIA
1190 272 1593 311 ECCLESIASTICA.
1688 275 1956 326 [1082-1084]

548 362 773 424 Ingranni
791 397 802 416 ,
834 362 881 406 in
907 361 1214 406 matrimonio
1237 359 1462 415 habebat,
1486 371 1532 405 et
1555 376 1643 422 pro
1665 360 1864 424 quadam
1888 362 1959 406 la-

550 439 668 485 tenti
689 455 818 485 causa
835 475 846 495 ,
868 439 1069 502 satisque
1091 456 1236 501 parva
1253 476 1263 494 ,
1294 437 1533 484 occultum
1558 448 1723 483 contra
1743 437 1960 486 abbatem

547 516 709 562 odium
738 516 962 580 gestabat.
994 515 1129 561 Unde
1158 516 1381 560 instinctu
1405 514 1579 560 diaboli
1612 515 1844 561 ferculum
1867 517 1962 580 ejus

552 611 735 640 veneno
772 593 986 656 corrupit
1002 630 1012 648 ‚
1052 592 1257 638 imitatus
1297 593 1539 638 Ismaelem
1580 603 1763 655 patrem
1798 611 1959 650 suum,

547 672 628 735 qui
651 670 784 716 ferali
807 668 918 716 ludo
936 669 1196 734 simplicem
1218 670 1340 714 Isaac
1358 686 1553 731 gravare
1572 669 1765 715 studuit.
1785 670 1963 717 Deinde

548 749 622 793 vir
639 749 747 802 Dei,
775 747 1018 793 monachis
1039 746 1326 811 lugentibus,
1355 763 1441 792 xm
1468 746 1631 792 diebus
1654 750 1961 812 aegerjacuit‚

548 824 747 888 dataque
780 823 1093 879 consessione,
1124 833 1374 886 sanctaque
1411 833 1594 886 sumpta
1630 825 1965 871 communione

550 911 605 949 11⁰
625 901 725 947 idus
745 901 1006 948 decembris
1026 900 1157 947 obiit.
1178 901 1230 946 In
1253 900 1442 946 ecclesia
1467 910 1638 946 sanctae
1659 901 1742 946 Dei
1765 903 1967 965 genitri-

550 980 612 1025 cis
636 979 825 1034 Mariae,
845 996 985 1043 quam
1004 979 1100 1041 ipse
1124 996 1148 1023 a
1168 977 1477 1024 fundamento
1504 980 1792 1035 construxit,
1819 981 1969 1043 sepul-

551 1067 623 1101 tus
641 1067 710 1101 est
725 1093 736 1112 ,
765 1067 811 1101 et
830 1072 914 1118 per
938 1056 1147 1119 singulos
1174 1073 1321 1101 annos
1346 1056 1692 1101 anniversarius
1715 1056 1810 1102 dies
1831 1073 1968 1104 reve-

550 1144 712 1180 renter
749 1133 978 1180 celebrari
1016 1132 1079 1179 ob
1115 1133 1395 1180 memoriam
1430 1134 1525 1197 ejus
1561 1136 1842 1182 constitutus
1880 1147 1964 1182 est.

550 1211 652 1256 Hoc
690 1208 898 1255 libenter
929 1209 1087 1272 agitur
1112 1227 1136 1254 a
1158 1208 1425 1266 monachis,
1455 1227 1572 1274 quos
1607 1210 1704 1274 ipse
1742 1212 1788 1257 iu
1825 1211 1969 1259 domo

550 1287 634 1333 Dei
654 1297 707 1332 ut
725 1297 859 1350 pater
876 1285 997 1332 filios
1016 1285 1213 1332 educare
1234 1285 1428 1332 molitus
1447 1297 1532 1332 est.
1551 1287 1839 1350 Pauperibus
1857 1305 1972 1352 quo-

551 1383 642 1430 que
665 1364 861 1411 uberem
891 1364 1231 1426 eleemosynam
1265 1364 1366 1427 ipso
1389 1363 1462 1410 die
1495 1380 1586 1428 pro
1612 1363 1834 1412 defuncto
1860 1383 1970 1429 pas—

554 1454 656 1489 tore
675 1442 837 1506 largiri
860 1458 961 1487 mos
987 1452 1071 1487 est.

618 1519 721 1565 VII.
752 1519 1184 1583 Appropinquante
1212 1518 1465 1566 VViscardo
1500 1531 1740 1584 turgentes
1769 1520 1970 1567 Romani

553 1608 907 1652 convenerunt,
930 1607 976 1642 et
995 1595 1122 1660 quod
1141 1595 1199 1642 ab
1224 1595 1413 1643 advenis
1437 1597 1817 1660 persecutoribus
1834 1609 1974 1662 caput

553 1674 682 1721 orbis
707 1675 1067 1737 impugnaretur
1094 1672 1343 1737 indignum
1364 1672 1620 1721 duxerunt.
1645 1675 1807 1720 Multis
1830 1675 1974 1739 igitur

555 1751 820 1798 hortatibus
844 1751 1064 1807 animati,
1092 1768 1200 1797 cum
1226 1752 1369 1797 armis
1403 1752 1591 1798 obviam
1622 1763 1969 1816 processerunt.

554 1829 643 1876 Sed
669 1829 825 1875 statim
853 1847 877 1874 a
906 1829 1196 1876 Normannis
1231 1829 1277 1874 in
1308 1846 1360 1876 re
1382 1830 1576 1876 militari
1604 1831 1744 1877 nimis
1774 1830 1975 1877 obdura-

557 1907 613 1953 tis
635 1907 759 1953 sacto
778 1907 981 1969 impetu,
1005 1905 1177 1969 repulsi
1200 1917 1326 1952 sunt.
1346 1906 1526 1953 Deinde
1544 1907 1747 1954 victores
1761 1944 1773 1966 ‚
1794 1906 1974 1954 civibus

555 1985 691 2031 mixti
706 1983 1012 2048 fugientibu5‚
1025 1982 1204 2029 ‚urbem
1224 1984 1541 2042 intraverunt,
1559 1986 1783 2050 jussuque
1806 1984 1972 2031 fervidi

554 2062 684 2109 ducis
711 2063 870 2126 ignem
895 2061 1027 2107 tectis
1059 2061 1341 2124 injecerunt.
1375 2061 1450 2107 Sic
1474 2061 1750 2108 Wiscardus
1777 2063 1903 2109 ferro
1928 2073 1975 2108 et

556 2138 742 2184 flamma
768 2136 857 2183 sibi
883 2136 1063 2183 aditum
1089 2137 1253 2183 Romae
1273 2138 1516 2201 patefecit,
1544 2154 1631 2185 nec
1652 2138 1774 2184 ullus
1798 2138 1972 2184 civium

556 2227 711 2279 postea
738 2226 903 2262 contra
938 2231 1046 2260 eum
1084 2215 1258 2261 mutire
1281 2233 1416 2261 ausus
1452 2216 1556 2261 suit.
1593 2215 1772 2262 Deinde
1802 2233 1974 2280 perve-

556 2293 704 2339 nienti
730 2292 787 2338 ad
823 2292 997 2337 turrim
1022 2292 1285 2339 Crescentis
1319 2293 1441 2356 Papa
1473 2310 1579 2338 cum
1623 2293 1751 2339 clero
1784 2292 1974 2339 obviam

555 2371 691 2427 exiit,
728 2387 818 2434 pro
846 2369 1007 2416 labore
1043 2381 1089 2416 et
1121 2370 1354 2417 subventu
1392 2371 1563 2435 gratias
1596 2371 1716 2435 egit,
1752 2388 1842 2435 pro
1867 2370 1974 2417 obe-

554 2447 729 2493 dientia
754 2465 777 2493 a
799 2446 1005 2493 reatibus
1024 2447 1225 2494 absolvit
1240 2486 1250 2505 ,
1279 2459 1325 2494 et.
1343 2459 1570 2494 aeternam
1597 2450 1634 2493 ei
1655 2467 1677 2493 a
1703 2449 1802 2494 Deo
1820 2448 1973 2495 bene—

555 2525 813 2573 dictionem
836 2528 1104 2590 peroptavit
1129 2520 1558 2590 (1).=

602 2718 652 2761 (1)
676 2716 740 2750 Les
769 2716 941 2750 Romains
969 2729 1013 2750 ue
1042 2718 1214 2751 soi-[irent
1238 2718 1342 2764 point
1371 2717 1569 2752 all-devant
1589 2717 1633 2751 de
1652 2717 1792 2752 Robert
1820 2729 1912 2764 pour
1937 2717 1969 2750 lc.

557 2788 767 2822 repousseiw
798 2775 841 2809 ils
861 2788 897 2810 se
914 2777 1171 2810 contenteivnt
1190 2777 1233 2810 de
1260 2777 1309 2811 lui
1329 2777 1463 2811 fei-mer
1483 2777 1672 2811 l’enceinie·
1691 2776 1735 2810 df·
1755 2776 1784 2810 la
1805 2776 1897 2809 vilic.
1920 2777 1968 2809 Ce
