2085 3455
551 338 628 374 528
932 336 1175 374 HISTORIA
1207 334 1610 373 ECCLESIASTICA.
1633 339 1705 385 [ιΧ0
1723 351 1827 373 risun.
1854 340 1969 389 1098]

552 423 631 469 riti
658 434 790 480 sunt,
823 435 869 470 et
902 435 1123 489 repente,
1153 423 1310 469 cuneis
1333 439 1499 468 eorum
1524 422 1817 480 labantibus,
1849 425 1972 490 suge-

551 513 690 560 runt;
718 520 837 567 quos
858 504 1011 549 nostri
1037 513 1232 566 repente
1251 501 1378 547 ultra
1398 500 1600 548 Pontem
1614 501 1842 548 Ferreum
1867 520 1974 567 per-

553 579 698 625 secuti
737 590 863 625 sunt.
905 580 1021 626 Caesi
1053 589 1164 625 sunt
1198 578 1261 624 ihi
1296 578 1565 624 Turcorum
1603 578 1740 624 multi
1772 579 1971 635 milites,

554 658 780 720 quoniam
805 657 1028 721 praelium
1055 656 1170 702 illud
1205 673 1301 703 non
1327 655 1554 702 habuerat
1584 655 1777 719 pedites.
1811 656 1976 703 Chris-

555 735 666 781 tiani
694 746 874 791 autem,
906 752 1082 798 magno
1104 733 1243 797 potiti
1270 732 1515 796 trophaeo,
1546 733 1642 780 laeti
1667 735 1844 780 reversi
1869 746 1977 781 sunt

556 812 612 859 ad
637 831 743 860 suos
757 850 768 870 ,
797 830 955 859 seeum
978 812 1260 858 adducentes
1282 812 1459 858 multos
1483 828 1627 876 equos
1642 848 1654 869 ,
1682 811 1853 876 quibus
1877 814 1978 860 sin-

556 890 785 954 gulariter
812 888 1114 953 indigebant,
1144 899 1190 934 et
1218 888 1364 951 spolia
1391 888 1539 933 multa
1558 925 1569 944 ,
1596 905 1702 953 quae
1729 889 1776 934 in
1811 890 1978 952 praelio

557 966 894 1031 adquisierant.
919 966 1062 1012 Turci
1085 966 1142 1010 ad
1167 964 1409 1011 castellum
1435 982 1571 1010 suum
1592 964 1747 1012 Arech
1769 966 1877 1012 satis
1900 966 1979 1012 in-

558 1045 700 1109 glorii
716 1044 889 1089 reversi
908 1053 1041 1100 sunt;
1065 1042 1212 1107 quod,
1233 1042 1434 1088 omnino
1447 1041 1777 1105 despoliantes,
1793 1060 1981 1090 succen-

558 1122 757 1179 derunt,
791 1132 838 1167 et
862 1122 1103 1185 fugerunt.
1134 1119 1350 1166 Armenii
1380 1130 1536 1165 autem
1564 1130 1611 1165 et
1637 1120 1823 1166 Suriani
1842 1158 1854 1177 ,
1894 1120 1981 1167 hoc

559 1199 797 1255 videntes,
832 1210 961 1246 arcta
984 1199 1087 1246 loca
1121 1207 1605 1262 praeoccupaverunt,
1635 1208 1683 1244 et
1715 1198 1889 1245 multos
1925 1214 1981 1245 ex

561 1280 627 1325 eis
664 1289 997 1343 peremerunt3
1037 1276 1268 1342 quosdam
1305 1286 1461 1322 autem
1495 1276 1627 1322 vivos
1668 1275 1979 1323 reduxerunt.

563 1357 817 1402 Castellum
864 1373 980 1403 vero
1034 1353 1318 1419 praedictum
1359 1352 1638 1399 Christianis
1683 1352 1983 1418 subjugatum

562 1433 892 1481 reddiderunt.
928 1434 1099 1480 Franci
1125 1449 1316 1498 quoque
1347 1432 1392 1478 in
1429 1442 1578 1478 castra
1605 1442 1796 1479 centum
1834 1433 1983 1496 capita

561 1523 925 1576 peremptorum
951 1512 1245 1568 retulerunt,
1275 1509 1333 1557 ad
1361 1511 1737 1558 consolationem
1761 1527 1981 1568 suorum,

563 1601 610 1635 et
641 1588 697 1635 ad
729 1588 1044 1635 desectionem
1079 1587 1396 1634 obsessorum.
1431 1588 1543 1633 Haec
1575 1587 1733 1633 omnia
1763 1586 1986 1634 viderunt

567 1667 705 1731 legati
732 1665 1043 1712 Admirabilis
1061 1665 1335 1728 Babyloniae
1351 1701 1361 1720 ,
1390 1665 1470 1729 qui
1497 1675 1610 1711 tunc
1634 1665 1757 1711 forte
1781 1683 1804 1710 a
1830 1664 1987 1728 Baby-

567 1745 693 1790 lonia
720 1743 774 1789 ad
805 1760 883 1790 eos
907 1744 1061 1799 missi,
1088 1744 1215 1807 juxta
1243 1759 1320 1789 eos
1353 1743 1445 1788 suis
1467 1741 1781 1789 morabantur
1803 1742 1849 1787 in
1877 1753 1987 1787 ten-

568 1821 701 1866 toriis
728 1821 816 1883 (ι).
842 1820 917 1865 Illi
944 1830 1127 1876 autem,
1155 1819 1235 1883 qui
1263 1819 1310 1864 in
1330 1819 1491 1865 castris
1517 1829 1867 1873 remanserant,
1890 1829 1986 1865 tota

567 1898 641 1945 die
662 1899 709 1945 in
737 1897 1061 1945 Antiochenos
1086 1907 1441 1961 pugnaverant,
1466 1907 1512 1943 et
1535 1907 1628 1943 tres
1646 1907 1805 1961 portas
1826 1896 1983 1953 urbis,

568 1995 627 2024 ne
656 1978 779 2024 foras
802 1988 1135 2040 erumperent,
1165 1975 1485 2022 indesinenter
1512 1986 1830 2022 servaverant.
1857 1975 1990 2021 Prae-

571 2056 685 2101 lium
706 2055 795 2102 hoe
817 2056 994 2101 factum
1012 2065 1080 2100 est
1099 2053 1199 2100 idus
1219 2052 1445 2100 februarii
1462 2090 1473 2111 ,
1497 2053 1611 2100 seria
1632 2062 1706 2100 111a
1725 2071 1830 2118 quae
1851 2065 1992 2117 caput

562 2134 726 2198 J'ejunii
753 2132 1177 2197 Quadragesimalis
1196 2131 1493 2196 praecedebat
1509 2133 1598 2196 (2).

635 2210 897 2257 Multitudo
918 2211 1094 2257 civium
1116 2211 1254 2274 (lieet
1279 2212 1324 2257 in
1350 2210 1527 2274 praeliis
1550 2226 1736 2274 semper
1755 2210 1864 2255 victi
1884 2209 1990 2255 fue-

573 2290 696 2346 rint,
724 2301 769 2336 et
794 2300 949 2336 morte
981 2290 1054 2336 vel
1084 2288 1361 2336 vulneribus
1384 2306 1463 2335 seu
1489 2287 1788 2352 captionibus
1812 2287 1992 2334 defece-

573 2370 698 2432 rint)
739 2378 866 2414 tanta
907 2378 1009 2414 erat
1044 2369 1091 2414 in
1129 2367 1275 2426 urbe,
1306 2379 1358 2414 ut
1380 2367 1528 2431 magis
1561 2367 1608 2412 in
1637 2368 1754 2412 iram
1780 2365 1988 2421 efferati,

573 2445 866 2491 Christianos
904 2443 1146 2491 ardentius
1172 2445 1484 2508 impeterent,
1514 2454 1561 2489 et
1583 2444 1870 2490 incessanter
1897 2443 1990 2505 ipsa

574 2534 722 2570 castra
743 2523 1110 2587 perturbarent,
1133 2524 1409 2588 frequenter
1433 2522 1695 2579 insilirent,
1717 2533 1858 2586 atque
1881 2521 1993 2585 qui-

622 2675 671 2719 (¹)
692 2673 757 2707 Les
776 2672 1050 2707 ambassadeurs
1072 2673 1364 2708 d'Aboulcassem
1392 2672 1555 2715 Mostali,
1581 2673 1731 2708 sixieme
1750 2671 1869 2706 sultan
1890 2671 1991 2706 Fati-

578 2735 666 2767 mite
683 2726 861 2780 d'Egypte
879 2733 1048 2780 (1094-11
1070 2732 1264 2769 decembre
1286 2734 1402 2779 1101).

624 2795 674 2839 (2)
692 2794 790 2828 Lisez
810 2808 818 2826 τ
840 2800 892 2826 vl⁰
912 2793 1209 2839 iduxscbrzmrz'i‚
1230 2794 1263 2829 le
1282 2793 1399 2829 mardi
1417 2806 1439 2840 9
1457 2793 1599 2835 fevrier,
1623 2792 1727 2827 veille
1745 2791 1794 2825 du
1813 2789 1989 2826 mercredi

577 2856 638 2889 des
658 2854 830 2890 Cendres.
