2033 3445
52 285 185 336 [1093]
527 283 678 322 LIBER
710 280 957 321 OCTAVUS,
1369 289 1444 325 397

48 370 178 416 braio
212 386 318 415 cum
354 368 557 415 Morello
594 379 765 432 nepote
799 386 883 414 suo
912 378 959 414 et
993 369 1222 415 militibus
1257 374 1446 418 armatis

47 447 274 503 occurrit,
311 457 358 491 et
392 462 447 492 ex
486 446 722 509 insperato
756 447 987 492 inermem
1022 447 1272 494 interfecit.
1309 449 1445 508 Quod

45 525 229 572 audiens
268 540 352 569 rex
391 522 690 587 Anglorum,
728 524 957 588 regnique
996 525 1271 587 optimates,
1313 526 1445 572 valde

45 601 301 650 contristati
325 611 456 656 sunt,
483 612 530 646 et
545 618 632 664 pro
653 612 749 647 tam
766 600 891 647 foeda
918 619 992 658 re,
1023 612 1211 666 tamque
1237 602 1440 659 crudeli,

44 699 65 727 a
78 678 359 726 Normannis
373 678 635 736 commissa,
653 679 793 725 nimis
809 678 1207 743 e1=ubuerunt(1).
1231 681 1444 726 Priscum

42 759 211 804 facinus
246 775 270 802 a
301 755 543 802 modernis
582 757 801 802 iteratum
838 768 922 803 est.
953 758 1073 803 Nam
1103 759 1222 804 sieut
1259 758 1440 816 Abner,

43 835 158 881 filius
188 834 302 890 Ner,
331 852 353 879 a
379 833 499 880 Joah
525 845 571 880 et
598 833 783 890 Abisai,
817 834 874 881 de
905 835 1048 882 domo
1076 835 1226 882 David
1251 836 1443 900 pacifice

41 912 243 968 rediens,
275 911 436 958 dolose
469 924 741 975 peremptus
775 924 869 969 est,
906 914 970 959 sic
1006 914 1238 960 Melcoma
1271 931 1352 960 rex
1385 913 1442 961 de

41 990 162 1037 curia
180 989 419 1036 Guillelmi
442 990 563 1053 regis
580 1008 687 1036 cum
701 1008 813 1054 pace
832 1007 1064 1049 remeans,
1090 1011 1113 1037 a
1131 991 1440 1038 Molbraianis

41 1067 289 1114 trucidatus
313 1078 395 1113 est.

97 1145 373 1208 Margarita,
403 1146 654 1192 Scotorum
681 1148 840 1209 regina
859 1182 870 1200 ‚
906 1158 998 1192 tam
1027 1148 1148 1192 tristi
1184 1148 1354 1193 nuntio
1383 1146 1439 1193 dc

38 1233 183 1269 morte
203 1223 293 1268 viri
320 1223 387 1268 sui
412 1225 623 1287 perculsa
639 1261 649 1279 ‚
678 1225 993 1281 contremuit,
1023 1241 1279 1288 omnesque
1304 1225 1438 1288 regni

34 1300 96 1345 sui
110 1316 326 1362 proceres
344 1302 638 1356 convocavit,
655 1302 811 1365 eisque
826 1301 945 1348 filios
962 1320 1067 1347 suos
1087 1304 1152 1364 52}
1169 1322 1177 1347 ε
1194 1301 1435 1366 Etlgarum
1482 1307 1484 1309 ’

35 1387 76 1424 et
98 1375 416 1423 Alexandrum
439 1390 484 1424 et
503 1379 651 1424 David
677 1378 1048 1434 commendavit,
1076 1398 1128 1425 ac
1153 1391 1204 1425 ut
1224 1397 1301 1426 eos
1321 1381 1438 1427 sicut

34 1453 144 1501 filios
178 1455 299 1518 regis
336 1454 654 1513 honorarent,
694 1456 974 1503 obsecravit.
1013 1458 1243 1520 Susceptis
1280 1468 1436 1503 autem

33 1530 240 1594 precibus
263 1532 358 1595 ejus
382 1550 488 1578 cum
516 1533 692 1595 ingenti
718 1534 876 1579 favore
896 1551 918 1577 a
941 1534 1065 1579 curia
1082 1570 1094 1591 ,
1110 1534 1246 1597 jussit
1265 1550 1437 1596 aggre-

33 1607 122 1670 gari
147 1626 407 1672 pauperum
427 1610 615 1673 agmina
630 1647 639 1663 ,
670 1610 827 1673 cisque
847 1627 934 1672 pro
958 1627 1120 1655 amore
1140 1610 1223 1655 Dei
1242 1626 1436 1656 omnem

32 1682 289 1731 thesaurum
317 1704 451 1732 suum
479 1685 730 1742 distribui,
767 1703 1024 1750 omnesque
1053 1687 1237 1751 rogavit
1267 1698 1319 1733 ut
1345 1705 1434 1750 pro

72 1829 119 1874 (ι)
143 1830 207 1865 Les
232 1830 327 1865 deux
353 1832 426 1865 rois
443 1831 611 1876 juriu‘ent
639 1842 769 1864 encore
794 1842 866 1864 une
882 1830 950 1864 fois
971 1830 1002 1864 la
1030 1831 1112 1876 paix
1135 1833 1154 1864 a
1175 1830 1379 1875 Glocester,
1402 1832 1434 1865 le

25 1887 105 1934 jour
132 1889 175 1924 de
200 1889 233 1924 la
261 1890 628 1931 Saint—Rarthelenii,
661 1892 705 1932 24
726 1889 812 1923 aout
838 1901 937 1936 1092.
961 1890 990 1924 ll
1018 1890 1106 1924 n'est
1134 1891 1238 1937 point
1264 1892 1336 1925 vrai
1361 1904 1433 1938 que

30 1947 188 1983 Malcolm
209 1950 279 1984 soit
300 1951 391 1995 parti
413 1950 548 1996 charge
569 1949 613 1984 de
635 1952 817 1996 prescnts3
842 1957 921 1983 tout
939 1963 978 1984 cc
995 1950 1082 1997 qu'il
1106 1957 1171 1996 put
1188 1950 1332 1985 obtenir
1350 1951 1404 1985 fut
1424 1968 1428 1984 :

30 2014 66 2042 ut
85 2010 120 2043 in
145 2022 257 2057 regno
276 2010 457 2045 [mla-mnis
482 2010 631 2052 rediret,
655 2010 708 2044 dit
729 2010 941 2044 Guillaulne
962 2010 1007 2045 de
1031 2010 1289 2056 Malmcsbury.
1311 2012 1361 2046 Cc
1386 2024 1430 2045 nc

29 2067 80 2102 fut
96 2069 197 2115 point
213 2082 287 2104 non
307 2070 386 2116 plus
404 2069 492 2103 dans
513 2083 552 2103 cc
571 2077 697 2103 rctour
715 2069 803 2116 qu'il
830 2070 885 2104 sut
911 2071 990 2111 tue,
1019 2071 1108 2103 mais
1136 2069 1219 2103 bien
1251 2069 1282 2103 lc
1306 2069 1346 2105 13
1369 2082 1431 2103 no-

27 2127 164 2163 vembre
190 2128 295 2176 1093,
319 2130 405 2175 jour
431 2129 476 2164 de
494 2129 736 2171 Saint-Brice,
768 2130 849 2175 prins
878 2129 922 2163 dc
952 2129 984 2163 la
1006 2130 1135 2163 rivicrc
1163 2129 1310 2171 d'Alnc,
1340 2142 1429 2175 pen-

28 2186 110 2224 dant
136 2190 303 2237 qu’irrite
333 2190 378 2225 de
408 2191 441 2224 la
470 2191 631 2224 maniere
652 2190 742 2224 dont
763 2190 787 2224 il
808 2191 902 2224 avait
923 2192 979 2224 etc
1010 2202 1095 2237 recu
1123 2192 1142 2224 a
1165 2190 1374 2232 Gloccster,
1405 2189 1429 2223 il

28 2250 178 2285 revenait
197 2263 292 2298 pour
311 2250 342 2285 la
361 2251 546 2285 troisiemc
566 2251 632 2285 sois
650 2263 799 2293 ravager
820 2250 1073 2297 l'Angleterrc.
1094 2251 1166 2285 Son
1190 2250 1242 2284 fils
1263 2251 1344 2284 aine
1365 2257 1430 2295 put

28 2303 384 2356 regagne1·l'Ecosse,
407 2312 455 2345 ou
476 2310 499 2344 il
520 2317 688 2352 mourut,
712 2311 802 2344 trois
816 2309 919 2355 joui-s
940 2311 1061 2356 εηπὸε,
1084 2309 1145 2344 des
1166 2310 1278 2343 suites
1303 2309 1348 2343 (le
1375 2321 1429 2342 ses

25 2365 207 2403 blessures.
227 2369 364 2404 Mon-cal
376 2398 384 2413 ‚
404 2369 484 2404 leur
501 2370 708 2411 mcurtricr‚
728 2370 815 2403 ctait
832 2369 987 2403 vicomte
1005 2369 1067 2403 des
1084 2369 1372 2410 Northunilnvs,
1394 2376 1429 2403 et

26 2424 167 2461 residait
181 2426 482 2462 habituellcment
502 2440 546 2462 en
568 2435 662 2462 cette
680 2427 817 2474 qualite
835 2429 852 2461 Ξι
870 2427 1050 2462 Alnwick.
1072 2428 1167 2462 C’cst
1185 2439 1225 2461 ce
1241 2428 1302 2474 qui
1324 2440 1341 2461 a
1364 2427 1428 2461 fait

25 2495 191 2531 supposer
211 2489 228 2520 ἐι
249 2499 297 2521 uu
320 2487 499 2522 historien
520 2500 592 2534 que
618 2488 784 2522 Malcolm
808 2488 900 2521 avait
922 2488 990 2521 mis
1010 2487 1042 2521 le
1063 2488 1160 2533 siege
1181 2487 1311 2522 devant
1333 2493 1427 2521 cette

23 2543 112 2579 ville.
140 2545 171 2580 Il
199 2547 314 2593 parait
334 2548 422 2594 qu'il
449 2549 505 2582 sut
530 2548 675 2582 victime
701 2547 789 2581 d'uu
818 2554 1052 2593 guct-apens,
1079 2554 1114 2582 et
1139 2560 1210 2594 quc
1238 2546 1372 2581 Morcal
1394 2546 1426 2579 le

25 2605 156 2650 surprit
168 2605 344 2642 desarme.
361 2608 434 2643 Son
450 2620 555 2654 corps
570 2609 679 2642 serait
691 2609 787 2642 reste¹
802 2620 880 2641 sans
895 2607 1080 2654 sepulture
1091 2635 1099 2650 ‚
1121 2609 1149 2642 si
1167 2607 1260 2642 deux
1278 2618 1424 2653 paysans

25 2673 68 2696 ne
85 2662 246 2701 l’avaient
265 2669 371 2713 porte
389 2669 409 2701 ἐι
430 2668 677 2711 Tiuemouth,
701 2669 749 2702 ou
771 2668 812 2701 ils
834 2667 1098 2702 rentem-trent.

67 2722 115 2767 (2)
144 2716 330 2770 stdouard,
355 2727 458 2762 l’ainc
482 2728 603 2763 ‹lc‘ses
629 2728 786 2768 cusanus,
816 2728 907 2761 avait
932 2729 988 2761 etc
1011 2729 1072 2761 tut}
1097 2740 1140 2760 en
1167 2727 1282 2760 nic-m<-
1309 2733 1425 2770 tvmps

24 2792 91 2826 que
110 2783 289 2819 Malcoltu.
