2085 3455
488 290 567 329 614
824 287 1067 326 HISTORIA
1096 286 1191 324 ECC
1200 285 1488 324 LESIASTICA
1496 317 1504 326 .
1537 289 1661 336 [10-1x0
1673 300 1757 324 Aue.
1773 289 1893 337 1099]

491 380 626 424 tiores
651 376 883 440 siquidem
914 393 1076 422 samus
1107 375 1253 421 armis
1278 385 1321 419 et
1348 390 1519 431 manu,
1551 390 1695 438 quam
1720 373 1820 430 illi,
1853 385 1897 420 et

491 456 711 502 volamus
746 454 840 500 illis
869 452 1080 509 obviare,
1113 451 1196 498 ubi
1225 451 1346 497 nihil
1375 451 1537 498 adhuc
1562 451 1822 516 sperabunt
1849 469 1900 499 se

492 545 668 579 timere.

555 610 639 656 His
677 608 872 666 auditis,
908 607 1179 655 Tancredus
1215 617 1261 653 et
1296 606 1575 653 Eustachius
1603 607 1735 670 juxta
1770 623 1900 652 mare

490 687 740 734 Ramulam
776 695 1043 742 venerunt,
1081 684 1349 748 multosque
1394 681 1596 740 Arabes,
1641 682 1902 730 exercitum

496 764 773 811 Admiravisi
789 772 1149 826 praecurrentes,
1166 771 1466 825 repererunt,
1481 778 1598 826 quos
1609 759 1906 807 confidenter

493 840 695 905 aggressi
734 848 873 894 sunt,
920 837 1108 901 citoque
1148 836 1209 883 ab
1250 838 1453 884 invicem
1493 837 1901 901 disgregaverunt.

494 916 727 979 Quosdam
762 932 930 962 eorum
961 924 1292 977 peremerunt,
1329 913 1558 977 quosdam
1584 914 1717 961 vivos
1747 930 1905 960 reser-

496 1004 759 1051 vaverunt,
797 1011 820 1038 a
858 991 1030 1057 quibus
1065 991 1122 1038 de
1156 990 1455 1038 Admiraviso
1489 1002 1537 1037 et
1569 992 1665 1055 ejus
1697 991 1906 1038 exercitu

497 1089 713 1119 rumores
738 1081 892 1118 certos
918 1069 1280 1133 indagaverunt.
1313 1068 1386 1115 Ad
1410 1084 1618 1133 unguem
1642 1069 1785 1133 igitur
1807 1069 1909 1115 sin-

497 1151 604 1215 gula
619 1148 778 1195 rimati
798 1157 908 1193 sunt
925 1166 936 1192 :
955 1149 1221 1212 quiessent,
1244 1164 1390 1210 qaam
1408 1146 1597 1210 infinita
1605 1163 1725 1210 gens
1738 1156 1906 1202 essent,

498 1228 621 1293 quid
634 1237 1001 1292 prcepararent,
1028 1224 1115 1271 ubi
1124 1224 1441 1290 praeliaturos
1464 1241 1515 1270 se
1536 1224 1855 1287 disponerent.

563 1306 603 1350 T
607 1303 834 1351 ancredus
859 1321 881 1349 a
917 1302 1112 1366 captivis
1144 1301 1397 1366 diligenter
1430 1300 1656 1365 exquisita
1694 1300 1794 1364 regi
1828 1316 1914 1363 per

502 1383 695 1431 nuntios
719 1380 964 1427 mandavit
994 1381 1097 1426 ista.
1128 1379 1334 1437 Sciatis,
1373 1379 1555 1443 inquit,
1589 1377 1918 1423 indubitanter

504 1461 681 1508 hellam
705 1459 970 1506 Ascalonoe
995 1468 1163 1504 contra
1199 1475 1281 1502 nos
1305 1467 1537 1523 paratam
1566 1474 1694 1513 esse,
1730 1466 1773 1501 et
1792 1473 1916 1521 pene

505 1551 651 1586 totam
674 1537 831 1583 orbem
875 1537 1144 1583 convenisse
1184 1546 1227 1581 et
1259 1537 1556 1599 conjurasse,
1584 1535 1670 1597 qai
1690 1532 1919 1579 violenter

501 1626 678 1682 patant
727 1631 813 1659 nos
857 1613 1123 1677 opprimere
1155 1621 1199 1657 et
1229 1610 1509 1675 subjugare.
1547 1611 1720 1656 Venite
1751 1610 1918 1671 igitur,

507 1705 550 1739 et
575 1691 780 1738 collectis
804 1689 1020 1735 omnibus
1046 1689 1214 1734 vestris
1243 1687 1452 1742 viribus,
1486 1703 1789 1749 synagogam
1820 1685 1918 1731 Sa-

509 1783 638 1817 tame
664 1766 965 1814 invadamus.
988 1765 1046 1811 Si
1069 1766 1193 1811 enim
1206 1801 1221 1821 ,
1244 1775 1390 1829 prout
1415 1763 1712 1820 mandastis,
1743 1765 1922 1827 imper-

510 1847 660 1894 territi
682 1861 748 1891 ex
769 1845 1022 1909 improviso
1049 1845 1115 1888 eis
1141 1841 1504 1898 obviaverimus,
1531 1839 1796 1904 adjuvante
1817 1840 1923 1885 Deo

492 1924 657 1989 Jacile
697 1921 1093 1987 prcevalebimus‚
1144 1922 1262 1984 quia
1305 1922 1405 1965 suis
1450 1922 1626 1974 armis,
1677 1916 1925 1981 multisque

514 2000 790 2050 utensilibus
833 2000 1059 2064 occupati
1097 2008 1240 2055 sant,
1283 1996 1626 2059 machinasque
1667 1995 1737 2041 ad
1768 2013 1926 2060 expa-

510 2079 764 2144 gnandam
814 2076 975 2121 urbem
1010 2072 1277 2140 perferant.
1329 2074 1431 2119 Rex
1477 2073 1623 2136 igitur
1666 2088 1753 2135 per
1795 2088 1927 2134 prae—

514 2173 681 2203 eonem
710 2152 930 2201 clamavit
958 2162 1011 2197 ut
1050 2167 1214 2198 omnes
1243 2149 1300 2196 de
1334 2149 1462 2196 bello
1498 2149 1925 2212 praemunirentur,

515 2244 561 2280 et
583 2231 808 2278 vexillum
833 2228 956 2292 regis
980 2229 1183 2292 impigre
1205 2243 1369 2274 omnes
1391 2226 1807 2290 subsequerentur.
1829 2224 1929 2270 Rex

515 2315 673 2378 itaque
701 2322 748 2358 et
785 2309 1052 2374 patriarcha
1079 2308 1346 2364 condictus,
1374 2324 1528 2355 comes
1550 2306 1851 2353 Flandrensis
1885 2315 1931 2351 et

514 2392 758 2455 episcopus
798 2387 1175 2434 Martoronensis
1214 2387 1282 2449 (ι)
1333 2385 1446 2431 seria
1497 2384 1635 2430 tertia
1688 2382 1926 2428 civitatem

517 2469 752 2515 exierunt.
780 2464 946 2512 Comes
970 2475 1126 2510 autem
1153 2464 1309 2510 Sancti
1331 2461 1530 2526 AEgiciii,
1554 2471 1601 2508 et
1624 2460 1929 2506 Normannus

566 2670 616 2713 (1)
647 2666 808 2708 Arnoul,
836 2666 972 2713 ewaque
997 2667 1042 2701 de
1070 2669 1300 2708 Martorano,
1331 2666 1428 2711 siege
1455 2663 1655 2709 suss'ragant
1681 2662 1726 2697 de
1752 2662 1929 2702 Cosenza,

522 2729 611 2762 dans
637 2727 668 2761 la
700 2726 853 2761 Calabro
880 2727 1088 2760 cnei-ioum.
1114 2725 1232 2760 Raoul
1258 2724 1302 2759 de
1327 2725 1423 2759 (jaon
1450 2735 1494 2757 ue
1523 2734 1613 2756 nous
1637 2721 1758 2756 donne
1779 2732 1840 2767 pas
1860 2732 1932 2754 unc

522 2790 631 2822 haute
653 2786 733 2821 ideo
755 2785 799 2820 de
819 2786 849 2819 la
866 2787 1025 2832 capacite
1044 2787 1087 2820 dc
1107 2798 1145 2820 ce
1165 2785 1292 2832 prelat.
1307 2805 1352 2811 —
1370 2784 1417 2819 Le
1438 2782 1552 2817 mardi
1572 2794 1594 2828 9
1614 2781 1708 2816 aeut.
