2033 3445
552 308 601 369 LI
607 308 705 347 BER
732 306 977 345 OCTAVUS.
1385 309 1463 349 439

66 406 109 442 et
137 396 264 441 omni
298 395 651 441 conversatione
679 394 894 440 humana
922 393 1123 458 provide
1161 403 1391 458 temperat
1423 408 1466 442 et

65 473 295 538 disponit,
335 480 385 516 ut
417 473 579 517 omnia
608 481 876 517 mensurate
891 470 1025 533 fiant
1037 481 1241 534 propter
1254 473 1466 536 pusilla-

64 551 209 596 nimes
223 584 239 604 ,
279 557 322 592 et
358 546 537 610 absque
577 546 1036 593 murmurationibus
1076 548 1188 592 sint.
1231 547 1466 594 Abbatem

64 640 247 689 quoque
290 640 583 686 summopere
605 623 830 668 admonet
866 632 916 667 ut
937 627 1146 668 omnium
1172 621 1466 668 imbecillita-

64 713 152 748 tem
173 699 451 747 consideret.
478 700 732 746 Fratribus
756 700 955 764 infirmis
977 711 1061 745 aut
1082 700 1301 746 delicatis
1325 701 1468 746 talem

64 795 255 843 operam
284 777 364 822 vel
392 788 538 823 artem
557 777 695 842 jubet
724 778 941 842 injungi,
976 788 1028 822 ut
1057 795 1143 823 nec
1175 778 1312 824 otiosi
1344 779 1464 836 sint,

63 872 148 901 nec
193 854 423 900 violentia
460 855 638 901 laboris
681 858 1016 920 opprimantur
1051 867 1094 901 et
1133 855 1463 919 effi'ingantur.

63 930 251 978 Paulus
289 941 332 976 et
373 932 643 987 Antonius,
684 931 866 995 aliique
897 931 1095 995 plures,
1138 934 1218 995 qui
1247 933 1467 995 primitus

63 1024 265 1053 eremum
302 1011 628 1072 expetierunt,
654 1018 697 1053 et
729 1010 778 1052 in
812 1007 990 1053 abditis
1017 1007 1192 1053 deserti
1218 1008 1336 1054 locis
1362 1025 1468 1055 mo-

63 1083 272 1129 nasteria
305 1082 400 1128 sibi
427 1095 815 1141 construxerunt,
853 1085 1021 1130 timore
1042 1101 1380 1147 paganorum,
1419 1095 1468 1129 ut

62 1178 209 1223 supra
229 1160 408 1206 dictum
431 1172 521 1218 est,
544 1160 660 1206 illuc
681 1161 935 1225 compulsi,
955 1171 1139 1206 arctam
1158 1162 1300 1206 nimis
1319 1164 1467 1206 *vitam

62 1236 321 1298 elegerunt,
351 1248 395 1282 et
417 1248 701 1300 cooperante
727 1239 893 1300 gratia
918 1238 1033 1292 Dei,
1061 1238 1389 1282 necessitatem
1419 1241 1467 1283 in

62 1313 350 1360 voluntatem
372 1324 817 1360 transmutaverunt.
835 1313 1025 1358 Deinde
1045 1313 1289 1359 laudabili
1306 1331 1467 1360 eorum

62 1390 276 1454 exemplo
309 1390 576 1436 admodum
608 1392 749 1437 crevit
777 1393 1147 1436 renunticmtium
1173 1390 1350 1454 saeculo
1370 1409 1466 1436 nu-

61 1484 238 1525 merus,
266 1477 310 1513 et
324 1484 418 1531 pro
442 1466 789 1513 diversitatibus
820 1467 1024 1512 locorum
1051 1483 1112 1512 ac
1136 1466 1348 1512 moribus
1375 1466 1468 1512 leo-

62 1547 236 1590 minum
251 1548 403 1590 variis
422 1546 614 1590 incessit
632 1543 1026 1589 institutiom'bus.
1050 1543 1151 1588 Sect
1166 1547 1213 1588 in
1236 1561 1332 1588 una
1336 1544 1464 1606 fide,

63 1632 110 1667 ut
126 1621 243 1667 dicit
266 1621 524 1685 Gregorius
546 1622 691 1686 Papa
706 1658 720 1678 ,
736 1620 860 1666 m'lzi't
877 1620 1015 1682 efficit
1034 1633 1214 1666 sancta>
1228 1621 1276 1666 E
1280 1621 1467 1672 eclesiae

61 1698 348 1744 consuetudo
373 1698 572 1744 diversa.
597 1700 664 1742 M
661 1714 793 1761 agna
808 1714 927 1761 pars
955 1696 1198 1742 hominum
1221 1700 1270 1743 in
1289 1697 1467 1744 calidis

60 1775 328 1840 regionibus
362 1786 493 1821 caret
513 1774 861 1838 femoralibus,
901 1777 1161 1838 tiazicisque
1180 1773 1384 1837 fruitur,
1416 1787 1470 1822 ut

60 1853 274 1899 mulieres
286 1891 300 1910 ,
331 1854 461 1898 laxis
488 1864 530 1898 et
555 1851 803 1898 talaribus.
833 1851 1050 1914 Quorum
1074 1852 1467 1898 consuetudinem

60 1947 151 1977 non
178 1930 416 1987 abhorret,
449 1930 537 1976 sed
558 1929 858 1993 (anplectitur
886 1929 996 1974 inde
1015 1939 1344 1993 propagatus,
1374 1929 1466 1974 ibi-

61 2025 148 2071 que
164 2009 441 2065 consistens,
457 2024 596 2053 mona
604 2007 789 2054 elmrmn
807 2024 1002 2053 cuneus.
1016 2007 1108 2052 Ast
1125 2023 1279 2051 omncs
1293 2008 1469 2070 populi

61 2083 243 2132 braccis
275 2095 472 2130 utuntur
493 2086 543 2130 in
565 2084 770 2130 occiduo
796 2083 988 2129 climate
996 2119 1011 2138 ,
1037 2100 1124 2128 nec
1146 2083 1229 2140 eis,
1259 2093 1357 2128 tam
1370 2101 1465 2148 pro

45 2161 258 2228 frigore,
290 2181 433 2227 quam
460 2181 542 2226 pro
577 2162 836 2218 dedecore,
864 2172 1037 2207 norunt
1070 2177 1244 2207 carere.
1280 2160 1465 2224 Quibus

58 2257 146 2304 pro
169 2242 347 2299 causis,
370 2241 495 2286 idem
518 2258 619 2286 mos
640 2250 709 2284 est
727 2243 773 2284 in
791 2250 947 2284 nostro
966 2238 1147 2285 ordine.
1172 2239 1280 2285 lVec
1299 2240 1458 2295 illum,

63 2321 144 2380 qui
165 2318 298 2364 utilis
322 2329 365 2363 et
387 2319 612 2364 honestus
636 2328 725 2374 est,
752 2316 974 2362 volumus
999 2315 1278 2379 relinquere.
1303 2315 1388 2362 Sic
1408 2317 1468 2361 de

63 2394 275 2442 omnibus
311 2396 420 2442 aliis
451 2394 762 2441 rationabiles
794 2412 970 2439 causas
1001 2393 1136 2439 nobis
1168 2394 1468 2439 tradiderunt

63 2472 232 2518 eruditi
259 2473 499 2529 doctores,
532 2474 616 2537 qui
641 2490 724 2518 nos
753 2475 803 2517 in
833 2489 969 2517 sacro
995 2471 1231 2517 sclzemate
1250 2489 1466 2536 praeces-

63 2561 234 2596 serunt.
279 2552 340 2597 In
371 2551 525 2597 Italia
567 2562 610 2596 et
647 2550 923 2596 Pala’stina
963 2560 1006 2594 et
1049 2548 1163 2595 aliis
1193 2549 1468 2610 regionibus

64 2627 367 2690 quibusdam,
387 2633 506 2675 satis
524 2628 776 2675 abundant
792 2627 945 2685 olivce,
967 2627 1105 2690 cujus
1104 2623 1282 2689 fructu
1302 2626 1463 2684 ditati,

0 2738 1 2750 ,
64 2703 134 2749 ad
157 2705 362 2753 diversos
386 2725 490 2753 esus
528 2705 820 2753 condiendos
846 2722 938 2750 non
964 2704 1183 2768 indigent
1205 2705 1465 2767 sagimine,·

66 2782 193 2844 quod
212 2784 345 2829 nobis
379 2784 455 2830 hic
490 2785 741 2831 clementer
775 2800 1047 2829 concessum
1071 2793 1161 2839 est,
1199 2780 1463 2827 carentibus
