2033 3445
51 354 187 405 [1090]
539 348 694 387 LIBER
723 347 970 386 OCTAVUS.
1390 347 1468 386 349

50 439 283 486 somnium
305 451 450 500 grave
476 446 546 481 est
564 453 625 481 ae
649 433 878 491 terribile,
901 442 946 478 et
968 431 1165 478 videtur
1183 431 1469 479 horrendum

49 514 400 580 Deijudicium
419 513 502 558 tibi
509 511 813 578 portendere.
833 509 1091 556 Balduinus
1109 520 1284 568 autem,
1301 509 1471 557 Eusta-

50 592 139 640 chii
157 590 370 637 Boloniae
392 589 576 636 comitis
599 587 723 635 filius
741 589 837 651 (1),
860 587 981 634 dixit
1005 608 1014 633 z
1040 588 1108 634 Et
1132 605 1218 652 ego
1241 605 1397 652 nuper
1420 590 1471 634 in

50 671 225 718 somnis
250 667 481 714 videbam
506 670 767 714 Dominum
790 667 829 712 J
828 684 958 712 esum
969 704 985 724 ,
1015 669 1063 711 in
1098 682 1238 712 cruce
1249 666 1469 727 penden-

51 759 156 805 tem,
178 745 267 792 sed
281 745 467 792 clarum
487 755 530 790 et
540 743 821 810 pulchrum,
848 761 909 789 ac
927 742 1049 788 mihi
1068 742 1297 788 alacriter
1314 743 1472 788 riden-

52 837 163 881 tem,
193 824 496 886 dexteraque
531 840 623 867 suci
657 839 731 867 me
770 820 1149 875 benedicentem,
1185 820 1472 884 signumque

52 904 199 950 crucis
222 919 369 966 super
390 912 535 965 eaput
553 917 709 946 meum
730 899 995 961 benigniter
992 896 1283 962 facientem.
1306 897 1473 943 Astan-

53 991 116 1027 tes
137 996 251 1026 vero
275 978 625 1043 responderunt
648 998 658 1023 :
694 979 812 1023 Tali
836 979 1105 1023 ostensione
1131 976 1339 1023 dulcedo
1359 994 1471 1023 ma—

49 1075 160 1122 gnoe
179 1059 356 1122 gratia?
381 1056 574 1103 videtur
597 1054 906 1119 tibificlgere.

113 1135 195 1181 His
225 1133 420 1191 auditis,
449 1135 680 1199 Rogerius
712 1133 980 1180 adolescens
1013 1135 1153 1180 matri
1186 1152 1280 1180 suae
1310 1133 1430 1180 dixit
1458 1155 1467 1179 :

53 1214 181 1261 Novi
205 1212 441 1259 hominem
453 1249 469 1269 ,
498 1230 586 1258 nec
617 1212 753 1275 longe
778 1223 845 1257 est
855 1250 870 1269 ,
896 1213 984 1275 qui
1005 1212 1184 1258 similia
1200 1212 1472 1277 pervisum

54 1291 404 1356 contemplatus
422 1302 505 1337 est.
530 1290 744 1354 Cumque
762 1300 915 1335 mater
934 1290 1186 1348 insisteret,
1209 1301 1256 1336 et
1275 1289 1474 1354 diligen-

54 1381 125 1417 ter
155 1369 418 1434 inquireret
451 1370 556 1433 quis
588 1379 665 1414 aut
693 1385 798 1432 quae
823 1367 1036 1424 vidisset,
1069 1367 1337 1415 adolescens
1369 1383 1474 1413 eru-

52 1447 178 1503 huit,
201 1457 246 1493 et
266 1447 508 1493 manifeste
529 1463 632 1492 rem
652 1445 896 1509 publicare
915 1445 1091 1491 noluit.
1119 1444 1333 1491 Tandem
1351 1463 1374 1490 a
1398 1461 1475 1508 ge-

51 1525 221 1572 nitrice
243 1536 289 1571 et
307 1524 620 1589 praesentibus
640 1524 802 1571 amicis
819 1524 1027 1570 multum
1049 1535 1258 1588 rogatus,
1281 1540 1476 1586 respon-

54 1603 153 1650 dit:
184 1603 404 1667 Quidam
438 1608 485 1648 in
524 1604 703 1649 visione
738 1619 829 1649 sua
866 1620 1019 1668 nuper
1051 1603 1173 1649 vidit
1213 1604 1474 1649 Dominum

51 1682 211 1728 Jesum
224 1719 238 1739 ,
269 1683 419 1746 capiti
441 1699 528 1727 suo
555 1698 752 1725 muttum
779 1683 1128 1744 imponentem,
1159 1691 1202 1725 et
1225 1679 1480 1725 elementer

55 1759 402 1806 benedicentem
411 1796 427 1816 ,
471 1758 636 1823 hisque
676 1757 831 1804 verbis
867 1775 972 1803 eum
1015 1769 1259 1803 vocantem
1295 1777 1306 1803 .·
1348 1759 1478 1804 Veni

55 1838 169 1895 cito,
195 1836 368 1883 dilecte
384 1854 540 1894 meus,
569 1836 639 1881 acl
659 1853 760 1889 me‚·
791 1846 834 1880 et
854 1835 982 1880 dabo
1006 1835 1090 1880 tibi
1108 1835 1302 1898 gaudia
1337 1836 1471 1882 vitm.

53 1914 304 1960 Audacter
334 1914 484 1977 igitur
504 1931 611 1959 eum
646 1914 694 1958 in
731 1911 825 1957 hac·
850 1913 954 1957 vita
989 1928 1087 1957 non
1125 1912 1211 1957 diu
1235 1914 1474 1958 victurum

54 2007 238 2046 assero,
265 2008 405 2054 quem
427 1991 500 2036 sie
519 2008 549 2035 α
576 1990 786 2035 Domino
813 1999 1036 2035 vocatum
1063 2006 1318 2053 cognosco.

121 2068 231 2116 Non
252 2068 406 2115 multo
429 2079 561 2132 post,
587 2079 680 2114 tres
704 2068 887 2131 praesati
911 2067 1114 2125 tironeS,
1137 2078 1189 2113 ut
1206 2067 1386 2114 diversa
1407 2086 1478 2116 re-

60 2147 294 2204 tulerunt,
318 2148 472 2194 varios
494 2157 688 2194 eventus
713 2146 894 2210 experti
916 2157 1041 2191 sunt.
1069 2146 1254 2191 Primus
1274 2148 1403 2192 enim
1428 2147 1474 2193 in

60 2225 356 2290 expeditione
376 2224 578 2290 quadam
598 2225 721 2270 male
744 2224 972 2270 sauciatus
991 2234 1080 2278 est,
1102 2234 1148 2270 et
1172 2224 1271 2269 sine
1303 2226 1480 2271 conses-

63 2304 190 2351 sione
211 2322 263 2351 ac
285 2304 457 2351 viatico
484 2314 702 2350 mortuus
730 2313 815 2349 est.
844 2301 1100 2348 Balduinus
1120 2313 1300 2359 autem,
1330 2319 1477 2367 gener

64 2380 297 2445 Radulphi
320 2380 378 2428 de
404 2380 630 2437 Conchis,
656 2381 701 2426 in
726 2379 924 2426 dextero
942 2379 1140 2427 humero
1160 2380 1353 2427 Domini
1374 2399 1477 2427 cru-

66 2476 165 2506 cem
189 2460 410 2524 sumpsit,
436 2471 482 2506 et
507 2459 689 2506 Urbani
717 2459 856 2522 Papae
876 2459 1005 2523 jussu
1028 2470 1237 2505 sanctam
1265 2460 1335 2523 (2)
1359 2478 1477 2507 con-

112 2619 162 2664 (1)
183 2618 392 2659 Baudouin‚
420 2620 481 2666 qui
505 2619 560 2653 sut
578 2618 707 2664 depuis
728 2624 847 2652 comte
867 2608 1036 2651 ‹1⁷L3'desse
1056 2624 1092 2651 ct
1114 2618 1167 2651 roi
1190 2617 1234 2651 de
1253 2618 1452 2652 Jerusalem
1468 2647 1475 2661 ,

68 2679 198 2724 cpousa
217 2678 446 2721 Godchi1‹lo‚
470 2679 539 2713 fille
556 2679 601 2713 de
619 2678 736 2712 Raonl
757 2677 802 2711 dc
819 2677 1003 2718 Conchcs,
1024 2678 1127 2724 apri-s
1143 2677 1274 2725 qu'ellc
1294 2678 1350 2713 sut
1371 2692 1481 2713 voute

68 2737 112 2772 de
130 2737 269 2772 Robert
292 2737 343 2772 du
368 2738 583 2785 Neubouig.
608 2739 708 2773 Nous
729 2749 896 2780 vcrrons,
923 2736 1012 2772 dans
1032 2738 1065 2772 le
1089 2737 1178 2773 livre
1203 2739 1360 2782 suivant,
1387 2746 1480 2774 celte

68 2796 170 2831 dame
190 2798 330 2832 mourir
347 2799 366 2832 ἐι
384 2798 417 2832 la
437 2799 617 2845 premiere
635 2797 810 2832 croisadc.

115 2858 163 2902 (ἢ)
183 2857 247 2891 Ms.
268 2857 312 2891 dc
331 2858 360 2891 la
382 2860 480 2893 reinc
497 2858 540 2893 dc
560 2858 690 2893 Sucdc.
