2033 3445
51 326 190 375 [1088]
535 323 689 363 LIBER
717 323 966 361 OCTAVUS.
1388 331 1466 368 289

185 410 357 447 Prodidit
375 412 555 447 Owenius
572 413 642 457 (1),
664 423 726 446 rex
742 418 798 445 est
816 413 958 458 gavisus
977 413 1183 455 Howellus,

233 470 343 504 Facta
360 470 521 506 vindicta
536 477 660 505 monte
679 470 747 504 sub
762 470 1006 505 Hormaheva.

187 528 281 563 Ense
298 536 406 576 caput
423 530 539 563 secuit
554 528 808 571 Grithfridus‚
829 535 866 563 et
885 529 922 563 in
942 542 1041 565 mare
1055 530 1162 576 jecit;

231 587 339 622 soma
355 587 506 636 quidem
525 587 710 635 reliquum
728 588 891 635 possidet
907 588 1007 623 hunc
1022 588 1197 624 loculum.

185 647 228 681 In
244 646 402 682 claustro
421 648 536 682 sancti
556 648 754 695 requiescit
771 649 886 694 patris
905 649 1065 692 libi-ulfi,

230 706 302 741 Pro
320 707 462 742 meritis
481 708 585 753 cujus
601 708 648 742 sit
667 707 737 743 sibi
755 708 863 755 plena
879 708 994 743 salus!

184 766 382 810 Quondam
400 766 592 811 robustus,
608 767 707 813 jacet
724 768 786 802 hic
803 781 902 802 nunc
920 769 1160 804 exanimatus.

230 826 327 861 Hinc
345 825 451 861 dolor
470 828 508 861 in
528 833 605 862 tota
625 834 815 873 personat,
838 828 932 862 lieu!
956 829 1085 875 patria.

184 885 255 920 Hic
272 885 383 921 modo
401 886 440 921 sit
457 887 593 934 pulvis,
611 887 687 933 jam
707 887 759 921 nil
779 888 856 934 agit
872 887 1056 923 utilitatis.

232 946 349 993 Ergo,
371 947 431 993 pie
451 946 579 991 lector,
600 947 679 993 ejus
697 947 822 982 adesto
845 960 999 982 memor.

184 1004 294 1039 Hunc
312 1011 354 1039 ut
372 1005 410 1039 in
427 1005 581 1040 aetherea
599 1005 694 1040 locet
711 1018 811 1050 arce,
834 1018 922 1053 roga
943 1019 1051 1053 prece
1069 1007 1179 1054 digna

229 1065 325 1099 Cum
342 1064 511 1111 lacrymis
531 1078 678 1109 verum,
699 1067 763 1113 qui
782 1067 879 1113 regit
897 1079 1025 1110 omne,
1046 1067 1179 1103 Deum.

179 1124 349 1168 Christe,
373 1125 440 1160 Dei
461 1125 646 1172 splendor,
668 1126 748 1161 vitae
767 1126 873 1161 dator
892 1133 928 1161 et
946 1134 1134 1174 reparator

230 1185 364 1229 Orbis,
385 1187 474 1221 huic
490 1187 628 1222 famulo
647 1188 848 1235 propitiare
868 1195 945 1222 tuo.

180 1246 290 1292 Eripe
308 1247 494 1281 Tartareis
511 1247 764 1291 Rodbcrtum,
788 1248 955 1290 Christe,
979 1249 1150 1283 caminis!

228 1306 291 1340 Est
307 1307 417 1340 nimis
436 1307 512 1353 ipse
530 1319 634 1349 rcus3
654 1314 777 1354 terge,
799 1320 941 1354 precor,
965 1308 1119 1342 facinus.

182 1365 314 1409 Parce,
336 1365 436 1413 quod
457 1367 551 1413 ipse,
573 1366 672 1412 piam
690 1367 854 1413 rogitans
873 1367 1031 1402 clamore
1051 1368 1222 1410 Mariani,

228 1426 416 1460 Consutus
434 1426 564 1472 rigidis
585 1427 760 1461 occubuit
773 1427 917 1473 jaculis.

182 1484 341 1533 Indulge
359 1486 483 1533 culpas
495 1514 504 1530 ‚
526 1499 714 1521 mansuras
730 1500 850 1522 annue
869 1500 971 1533 gazas
983 1515 992 1529 ,

229 1545 281 1580 Ut
300 1552 409 1592 queat
427 1547 463 1580 in
486 1546 614 1580 nitidis
632 1559 776 1593 semper
794 1547 910 1581 inesse
928 1547 1063 1582 elioris.
1085 1549 1217 1582 Anien.

108 1637 189 1685 1V.
216 1638 475 1686 Guillelmo
501 1641 622 1686 Ruso
647 1657 732 1704 per
761 1658 927 1687 omnes
952 1641 1223 1705 Anglorum
1250 1643 1468 1707 reniones

44 1714 343 1774 dominante,
373 1728 419 1764 et
441 1716 618 1783 ubique
640 1718 841 1765 rebelles
865 1719 1118 1783 principali
1148 1737 1342 1766 censura
1369 1723 1467 1767 sor-

48 1794 156 1840 titer
178 1796 551 1859 comprimente,
582 1795 798 1860 turgidus
822 1796 949 1851 Odo,
982 1797 1039 1843 de
1066 1796 1238 1861 Anglia
1265 1798 1462 1860 ejectus,

47 1870 343 1936 Bajocensem
358 1872 604 1920 dioecesim
615 1875 827 1937 repetiit,
845 1885 893 1920 et
909 1874 1160 1921 Rodberto
1176 1874 1294 1922 duce
1306 1876 1467 1923 molli-

49 1958 118 1995 ter
135 1961 322 2014 agente,
346 1951 433 1998 toti
455 1951 766 1998 Normanniae
786 1951 1023 1999 dominari
1045 1954 1230 2018 sategit.
1256 1955 1466 2002 Provin-

46 2027 110 2074 cia
131 2039 227 2076 tota
251 2040 353 2075 erat
374 2028 624 2087 dissoluta,
648 2041 695 2076 et
714 2031 964 2094 praedones
990 2033 1268 2078 catervatim
1290 2033 1468 2080 ‹liseur-

46 2104 212 2153 rebant
257 2124 343 2171 per
388 2109 516 2155 vicos
565 2119 612 2155 et
658 2125 746 2173 per
791 2128 900 2156 rura
917 2146 929 2167 ,
980 2111 1277 2174 nimiumque
1325 2129 1465 2175 super

49 2183 246 2231 inermes
269 2185 650 2233 debacchabatur
674 2187 1056 2235 latrunculorum
1091 2200 1296 2236 caterva.
1329 2189 1466 2237 Rod-

90 2358 139 2403 (1)
164 2359 262 2393 Lisez
282 2375 288 2394 :
306 2360 456 2405 prodiit.
481 2361 527 2395 Le
553 2361 605 2395 roi
633 2360 771 2404 Owen,
801 2361 854 2395 fils
878 2361 1076 2408 ‹Plidwym
1104 2362 1159 2397 fils
1183 2364 1230 2399 de
1251 2365 1400 2409 Grono,
1428 2373 1462 2399 rt

48 2417 192 2463 Howel,
219 2419 272 2454 fils
295 2420 340 2454 de
364 2422 514 2465 Grono,
543 2434 606 2455 son
631 2422 754 2464 oncle,
781 2422 955 2456 n’etaient
975 2425 994 2456 a
1019 2430 1114 2458 cette
1136 2425 1280 2471 epoque
1305 2438 1376 2471 (1110
1401 2425 1463 2459 (les

48 2477 168 2513 nobles
185 2479 235 2513 du
258 2480 546 2524 North-VValcs,
573 2481 764 2527 seigneurs
785 2481 830 2515 (10
855 2482 1045 2529 Tegeugyl
1064 2483 1328 2530 (Englelield);
1354 2486 1460 2529 mais,

48 2536 202 2585 quelque
219 2545 337 2586 temps
355 2541 459 2586 apres
475 2541 541 2585 (en
560 2542 686 2588 1099),
706 2540 824 2576 Owen
843 2540 897 2575 sut
915 2540 1015 2587 place
1030 2554 1095 2589 par
1110 2542 1161 2577 les
1177 2542 1386 2578 Norinands
1402 2556 1464 2578 sur

48 2593 81 2630 le
96 2597 198 2632 trone
217 2598 267 2633 du
284 2599 572 2643 North-wale&
595 2607 632 2634 et
651 2599 1022 2646 Howel-ap-Grono‚
1047 2603 1147 2636 etant
1169 2603 1341 2649 seigneur
1361 2615 1463 2638 suze·

49 2655 144 2700 rain,
163 2665 251 2703 peut
270 2660 344 2693 tres
361 2658 447 2693 bien
465 2659 566 2694 avoir
583 2661 640 2694 ete
658 2659 790 2695 decore
807 2660 1151 2708 empliatiquement
1169 2662 1220 2696 du
1238 2663 1327 2698 titre
1345 2662 1390 2698 (10
1408 2664 1463 2697 roi

47 2712 134 2749 dans
151 2715 184 2750 la
203 2716 334 2764 langue
358 2717 518 2765 galloise.
544 2718 575 2752 Il
599 2731 645 2754 ne
663 2719 770 2754 serait
792 2719 911 2754 meme
932 2732 994 2766 pas
1017 2720 1229 2768 impossible
1248 2733 1320 2769 (1110
1344 2734 1384 2756 00
1408 2722 1464 2756 sut

48 2771 98 2808 lui
115 2786 186 2823 que
203 2783 309 2812 notre
325 2785 454 2813 auteur
475 2780 595 2814 aurait
613 2779 723 2814 voulu
743 2779 915 2826 designer
933 2780 985 2815 six
1002 2793 1081 2816 vers
1097 2781 1180 2828 plus
1198 2781 1306 2823 haut,
1327 2794 1373 2816 au
1391 2781 1462 2815 lien

48 2832 92 2868 de
110 2834 458 2884 Howel-ap-Owen.

143 2912 214 2941 111.
1216 2920 1270 2966 ¹9
