2033 3445
73 326 207 374 [1088]
553 323 706 361 LIBER
734 324 980 362 oc'rAst.
1393 331 1471 367 277

73 408 408 465 Belesmensis,
452 414 533 472 qui
560 412 696 473 patri
737 420 816 455 tuo
834 406 947 470 suit
984 410 1128 456 valde
1166 411 1393 471 dilectus,
1433 428 1474 460 et

73 484 228 531 multis
238 483 488 531 honoribus
501 485 615 531 olim
629 485 689 531 ab
704 488 809 550 ipso
817 497 1082 549 promotus,
1103 504 1229 534 nune
1244 507 1475 553 magnam

70 561 382 608 ,Nor-manniae
399 572 588 626 partem
605 562 848 626 possidet,
862 560 1243 629 fortissimisque
1269 567 1475 613 castellis

71 638 419 696 corroboratus,
443 656 568 703 pene
590 639 811 686 omnibus
838 641 1010 687 vicinis
1038 642 1138 687 suis
1169 653 1212 687 et
1233 643 1476 690 ff‘eustrioe

65 715 337 781 proceribus
360 718 656 782 prceeminet.
683 718 776 764 His
797 721 960 782 itaque
982 720 1026 764 si
1048 720 1203 765 animi
1221 724 1289 766 tui
1311 738 1478 768 raneo-

72 810 165 838 renz
198 792 480 850 indulseris,
519 804 564 839 et
598 804 750 840 teeum
790 793 1054 859 benigniter
1086 798 1356 854 retinueris,
1394 810 1479 843 aut

69 871 233 916 saltem.
257 889 288 916 a
315 881 356 916 te
380 888 636 936 cumpace
663 873 927 930 dimiseris,
964 890 1126 919 eorum
1159 874 1319 921 adbuc
1351 876 1478 921 ami-

69 949 181 994 citia
199 949 476 1012 servitioque
501 950 551 994 in
573 949 733 996 inultis
753 950 988 997 eventibus
1008 951 1188 998 utiliter
1198 950 1474 1016 perfrueris.

69 1025 201 1071 Idem
220 1027 303 1090 qui
323 1026 478 1084 loeclit,
492 1028 600 1089 sors
617 1039 732 1092 post
758 1040 807 1074 ut
825 1030 1013 1075 anu'eus
1033 1029 1207 1076 obedit.
1230 1036 1289 1076 In
1310 1031 1477 1078 horum

67 1103 294 1148 comitatu
313 1103 517 1167 pollent,
545 1122 737 1168 seseque
758 1105 846 1151 tibi
864 1107 1068 1169 offerunt
1088 1109 1261 1153 eximii
1278 1110 1475 1166 tirones,

66 1196 255 1243 quorum
300 1182 592 1238 servitutem,
637 1183 813 1244 inelyte
852 1202 961 1242 rex,
994 1186 1347 1250 parvipendere
1386 1206 1478 1233 non

66 1255 221 1303 debes.
251 1259 412 1321 Igitur
433 1276 551 1322 quos
574 1260 683 1323 jam
713 1264 950 1325 superasti
978 1273 1234 1325 potestate,
1268 1264 1475 1322 divitiis,

66 1345 107 1380 et
141 1337 320 1398 ingenti
347 1336 620 1401 probitate,
658 1337 869 1402 subjuga
912 1339 1002 1384 tibi
1038 1342 1400 1405 magnificentia
1436 1354 1477 1388 et

64 1422 256 1475 pietate.

132 1490 459 1553 Magnanimus
488 1492 643 1554 itaque
674 1508 752 1537 rex
769 1529 780 1547 ‚
812 1491 1016 1538 fidelium
1042 1510 1235 1540 suorum
1262 1494 1480 1558 precibus

67 1568 231 1623 victus,
251 1568 458 1625 assensit,
474 1568 669 1613 exitium
690 1579 735 1614 et
755 1569 1082 1616 membrorum
1103 1571 1479 1619 debilitationem

68 1643 260 1691 obsessis
282 1642 499 1701 indulsit,
526 1655 572 1690 et
590 1644 647 1690 de
666 1644 842 1708 oppido
862 1646 1061 1692 exeundi
1081 1648 1349 1694 facultatem
1372 1668 1478 1695 cum

69 1722 195 1786 equis
224 1732 270 1768 et
301 1721 442 1767 armis
475 1722 718 1768 concessit.
758 1722 848 1768 Sed
882 1740 1074 1770 omnem
1110 1742 1239 1788 spem
1275 1725 1476 1772 habendi

69 1796 345 1844 hereditates
390 1808 436 1844 et
478 1808 624 1843 terras
667 1799 711 1843 in
756 1816 906 1862 regno
947 1801 1042 1862 ejus
1060 1836 1071 1857 ,
1116 1800 1339 1864 quamdiu
1384 1803 1478 1865 ipse

69 1885 308 1940 regnaret,
334 1874 544 1921 funditus
567 1875 780 1921 abscidit.
809 1877 944 1922 Tunc
968 1876 1069 1923 Odo
1094 1879 1303 1940 pontifex
1325 1898 1348 1925 a
1370 1896 1479 1944 rege

68 1953 185 2000 Ruso
238 1954 491 2016 impetrare
538 1953 785 2016 temptavit
836 1971 892 1999 ne
937 1953 1167 2001 tubicines
1211 1956 1257 2001 in
1312 1972 1478 2003 eorum

68 2047 250 2094 egressu
287 2030 411 2076 tubis
446 2041 695 2088 canerent,
732 2032 850 2077 sicut
878 2032 1025 2077 moris
1056 2043 1147 2091 est,
1179 2031 1291 2078 dum
1325 2033 1478 2081 hostes

72 2109 344 2166 vincuntur,
377 2119 423 2154 et
457 2125 543 2171 per
574 2108 671 2154 vim
705 2108 929 2172 oppidum
965 2111 1164 2172 capitur.
1193 2111 1288 2156 Rex
1323 2123 1478 2158 autem

68 2186 227 2242 iratus,
255 2186 382 2252 quod
406 2186 654 2250 petebatur
675 2188 872 2233 omnino
891 2186 1165 2251 denegavit,
1190 2205 1277 2235 nee
1299 2205 1345 2235 se
1368 2208 1478 2236 con-

67 2279 301 2309 cessurum
319 2264 461 2310 etiam
481 2275 681 2327 propter
704 2265 836 2310 mille
859 2265 959 2309 auri
983 2283 1164 2312 marcos
1189 2267 1341 2330 palam
1366 2285 1480 2314 asse-

68 2342 173 2386 ruit.
221 2340 478 2404 Oppidanis
528 2358 643 2405 ergo
691 2359 798 2386 cum
846 2358 1057 2389 moerore
1102 2353 1148 2388 et
1199 2343 1476 2390 verecundia

70 2417 442 2482 egredientibus,
488 2430 533 2464 et
573 2418 810 2483 regalibus
852 2418 975 2465 tubis
1015 2438 1121 2465 eum
1163 2422 1479 2484 gratulatione

72 2495 420 2560 clangentibus,
448 2496 706 2543 multitudo
737 2496 1003 2561 Anglorum
1019 2534 1032 2554 ,
1065 2516 1170 2562 quae
1196 2500 1293 2562 regi
1327 2498 1481 2546 adhae-

73 2572 227 2631 rebat,
252 2575 431 2620 eunctis
456 2574 753 2621 audientibus
776 2574 1138 2632 vociferabatur,
1174 2587 1220 2621 et
1247 2576 1432 2622 dicebat
1467 2598 1475 2621 :

76 2649 309 2713 Tonjues,
350 2664 535 2715 torques
578 2652 768 2715 affin‘te,
814 2663 855 2696 et
899 2653 1171 2699 traditorem
1207 2656 1480 2719 episcopum,

76 2745 177 2772 cum
201 2732 296 2773 suis
318 2730 627 2794 complicibus
643 2729 871 2793 patibulis
892 2731 1179 2795 suspendite.
1205 2732 1478 2795 Mag-neres
