2033 3445
60 303 107 349 [1⁰
127 312 221 336 JULiI
247 298 363 347 1097}
586 297 738 335 LlssER
769 296 949 339 NONUS,
1396 304 1468 339 511

59 384 378 431 harbarorum
395 383 545 429 millia
560 400 675 429 caesa
696 394 822 439 sunt,
840 383 1068 447 quoniam
1082 385 1127 430 in
1141 401 1218 431 eos
1232 386 1478 433 vehemen-

59 472 131 508 ter
157 459 344 506 crassati
373 460 443 522 (ι)
468 470 600 516 sunt,
625 476 743 523 quos
768 470 864 506 tota
890 458 964 505 die
989 460 1245 507 crudeliter
1265 462 1475 510 insectati

57 538 259 583 fuerant.

123 614 404 660 Guillelmus
422 612 700 668 Marchisuffi
721 614 866 658 frater
885 612 1137 670 Taneredi,
1158 625 1204 660 et
1221 615 1478 662 Gausredus

58 690 114 737 de
139 687 570 745 Monte-Scabioso,
600 689 689 733 viri
719 689 922 734 multum
948 689 1202 745 militares,
1229 690 1371 738 bonae
1396 693 1477 738 in-

58 767 178 815 dolis
200 778 247 813 et
265 767 496 823 illustres,
521 777 566 811 et
589 766 726 811 multi
748 766 852 823 alii,
880 767 1052 812 milites
1073 777 1118 812 et
1138 766 1339 830 pedites,
1365 770 1479 815 ceci-

58 844 249 891 derunt.
276 845 420 890 Turci
447 843 573 889 enim
590 879 604 901 ,
633 854 733 889 astu
758 844 908 889 nimio
935 844 1194 906 pollentes,
1230 845 1391 891 audaci
1416 847 1481 891 vi-

59 931 172 985 gent
190 921 367 977 animo,
392 931 438 966 et
458 919 807 965 irreverberato
826 919 1091 983 confligunt
1109 919 1283 983 gladio.
1301 921 1480 968 Mortes

59 998 240 1045 eminus
281 998 481 1044 inimicis
521 997 813 1043 creberrime
859 997 1087 1061 infigunt,
1131 999 1238 1062 quia
1278 1010 1480 1045 utuntur

59 1075 283 1133 arcubus,
312 1087 357 1122 et
378 1076 539 1121 multis
565 1075 891 1121 instrumentis
913 1076 1133 1121 nituntur
1155 1076 1354 1122 bellicis.
1381 1078 1480 1123 Jac-

59 1155 199 1200 titant
224 1172 270 1200 sc
294 1154 351 1200 de
388 1155 685 1200 Francorum
718 1155 864 1216 stirpe
903 1155 1227 1218 genealogiam
1265 1155 1473 1209 duxisse,

58 1249 318 1297 eorumque
360 1249 562 1296 proavos
601 1251 624 1277 a
663 1232 1016 1278 Christianitate
1052 1231 1263 1278 descisse.
1304 1234 1479 1279 Dicunt

58 1311 200 1356 etiam
230 1310 383 1356 nullos
415 1310 698 1355 naturaliter
723 1310 955 1366 militare,
982 1309 1071 1355 nisi
1105 1326 1150 1356 se
1181 1321 1227 1355 et
1250 1311 1473 1357 Francos.

58 1389 160 1434 Hoc
182 1389 336 1452 itaque
357 1388 579 1451 praelium
602 1387 822 1433 kalendas
842 1388 947 1451 julii
973 1387 1147 1433 factum
1170 1398 1261 1445 est,
1288 1387 1477 1453 diesque

57 1465 281 1511 solemnis
310 1465 630 1528 omnipotenti
654 1465 778 1521 Deo,
808 1464 889 1528 qui
915 1464 1073 1510 omnia
1096 1463 1218 1510 bene
1240 1464 1474 1528 disponit,

58 1559 166 1588 cum
185 1542 365 1589 devotis
393 1541 605 1588 laudibus
632 1541 868 1588 celebrata
889 1552 974 1587 est.

121 1620 337 1666 Ethnicis
362 1621 423 1666 ita
447 1619 738 1683 pessundatis
762 1630 808 1665 et
836 1619 1006 1683 procul
1039 1619 1279 1683 effugatis,
1313 1624 1367 1665 ad
1392 1637 1477 1667 eo—

58 1717 166 1745 rum
189 1698 395 1745 tentoria
432 1697 696 1761 diripienda
724 1698 941 1744 conversi
979 1708 1089 1743 sunt
1121 1697 1404 1755 Christiani,
1432 1710 1478 1744 et

57 1777 344 1823 invenerunt
379 1776 443 1822 ibi
477 1777 577 1821 auri
617 1775 896 1839 argentique
929 1775 1211 1838 plurimum.
1252 1775 1478 1839 Subjuga-

56 1855 117 1901 lia
144 1855 243 1918 (2),
276 1854 429 1900 mulos
456 1865 502 1900 ct
534 1870 705 1917 equos,
737 1851 882 1898 boves
918 1863 964 1898 et
997 1853 1220 1908 camelos,
1260 1869 1478 1900 verveces

56 1944 102 1980 et
127 1934 304 1989 asinos,
332 1943 378 1979 et
407 1933 647 1996 copiosam
685 1931 1029 1994 supellectilem
1056 1931 1101 1975 in
1141 1947 1308 1977 eorum
1338 1932 1477 1994 papi—-

57 2009 262 2058 lionihus
304 2020 608 2073 repererunt3
654 2019 700 2054 ct
740 2008 934 2053 diversis
972 2008 1133 2054 onusti
1177 2009 1322 2072 gazis,
1368 2026 1477 2054 cum

59 2088 301 2152 triumpho
339 2099 386 2134 et
423 2085 729 2134 inenarrabili
763 2085 934 2149 gaudio
974 2084 1029 2131 ad
1068 2102 1175 2131 suos
1209 2085 1471 2131 redierunt.

57 2166 193 2212 Fama
225 2176 366 2212 tantae
405 2165 619 2212 victoriae
653 2165 936 2228 longinquas
960 2174 1006 2209 et
1046 2174 1229 2222 exteras
1264 2163 1476 2209 nationes

58 2245 206 2308 coepit
226 2243 466 2290 deterrere
482 2280 493 2299 ,
512 2254 558 2289 et
582 2243 773 2288 titulum
794 2240 1159 2287 Christianitatis
1179 2251 1473 2287 remotorum

57 2319 247 2366 auribus
283 2321 573 2383 populorum
600 2317 864 2365 infundere.
908 2318 1141 2363 Praeclara
1180 2316 1477 2363 Christiano-

58 2415 162 2443 rum
186 2397 417 2454 facinora,
446 2396 629 2461 sibique
652 2404 1050 2458 superventuram
1067 2410 1235 2441 eorum
1255 2393 1476 2439 militiam

57 2489 219 2520 omnes
243 2485 290 2520 et
313 2475 484 2538 singuli
511 2471 849 2520 formidabant.

105 2622 156 2666 (ι)
178 2621 275 2656 Liscz
297 2637 302 2654 :
324 2623 499 2667 grassati.

103 2682 154 2726 (2)
173 2682 224 2716 Ce
240 2688 318 2716 mot
336 2682 495 2728 signifie,
516 2693 658 2715 comme
682 2692 718 2714 sa
741 2677 984 2724 composition
1005 2676 1204 2724 Undique,
1227 2675 1289 2710 des
1307 2675 1475 2709 animaux

61 2741 196 2775 soumis
220 2754 265 2776 au
284 2727 388 2787 joug.
417 2741 588 2776 L’auteur
611 2754 630 2773 a
650 2738 779 2781 voulu,
806 2736 894 2771 dans
914 2743 1009 2771 cette
1030 2735 1305 2775 enumeration,
1328 2734 1376 2767 les
1399 2733 1475 2766 dis-

63 2799 210 2845 tinguer
229 2800 291 2836 des
311 2801 410 2835 betcs
427 2800 472 2834 de
493 2812 649 2844 somine,
668 2799 713 2833 de
734 2796 817 2832 selle
837 2803 872 2831 et
894 2795 939 2830 dc
959 2796 1170 2831 boucherie.
