2085 3455
494 290 570 329 568
858 284 1102 323 HISTORIA
1132 281 1538 321 ECCLESIASTICA.
1563 283 1759 333 [ΛυΤύΜΝο
1780 285 1902 335 1097]

491 374 668 437 egregii
688 372 879 419 sodales
894 410 906 429 ,
931 373 1072 418 immo
1094 382 1269 417 tutores
1289 367 1548 430 lzonOrfficc
1572 370 1901 431 concilientur.

488 452 686 499 Interim
703 486 715 506 ,
744 449 859 496 dum
882 448 1054 495 Tobias
1078 448 1179 494 haec
1205 447 1388 494 locutus
1419 457 1513 505 est,
1550 458 1704 493 turma
1729 447 1902 494 civium

488 530 715 593 palatium
748 546 856 575 cum
879 527 1067 573 silentio
1103 536 1236 572 caute
1269 526 1475 589 ingressa
1506 535 1591 572 est.
1625 524 1902 588 Prophanus

487 618 644 655 autem
679 606 794 654 scita
829 622 995 669 pacem
1019 604 1337 669 quaerentium
1359 613 1642 667 arroganter
1665 601 1898 666 despexit,

486 701 676 750 seseque
691 683 978 731 traditorum
992 681 1288 728 defensorem
1304 691 1351 727 et
1369 691 1729 744 cooperatorem
1744 679 1900 743 palam

486 762 708 811 ostendit.
736 760 873 808 Unde
895 761 1002 806 irati
1029 760 1151 806 cives
1173 760 1394 822 protinus
1416 759 1465 804 in
1491 775 1600 804 eum
1622 758 1868 804 irruerunt
1883 793 1896 814 ‚

484 852 531 888 et
555 842 875 888 irreverenter
891 848 1032 901 caput
1053 838 1148 901 ejus
1171 847 1553 899 amputaverunt.
1575 837 1711 882 Tunc
1729 833 1903 882 Tobias

486 930 626 983 caput
648 917 880 964 abscisum
904 915 1112 978 accepit,
1135 914 1395 978 vicinisque
1425 913 1605 960 civibus
1622 912 1742 959 dixit
1765 933 1774 958 :
1797 913 1907 959 Hoc

480 998 742 1061 palatium,
773 1012 882 1040 cum
914 992 1137 1040 omnibus
1169 990 1331 1048 rebus,
1359 1009 1470 1055 quoe
1493 995 1619 1037 intas
1648 991 1898 1049 habentur,

485 1075 695 1121 z'llsesum
716 1072 970 1129 custodite,
991 1081 1035 1116 et
1053 1087 1139 1132 ego
1156 1087 1264 1115 cum
1282 1068 1533 1116 sodalibus
1553 1069 1667 1114 meis
1683 1069 1904 1114 Francos

486 1153 735 1199 adducam
777 1168 883 1197 cum
925 1148 1115 1213 gaudio
1159 1157 1203 1193 et
1234 1164 1378 1212 pace.
1417 1147 1500 1192 His
1533 1145 1694 1202 dictis,
1733 1144 1906 1191 Tobias

483 1246 693 1294 egressus
735 1238 829 1284 est,
876 1237 923 1273 et
963 1225 1174 1272 salutatis
1220 1224 1412 1270 Francis
1457 1224 1519 1270 ita
1565 1223 1749 1270 locutus
1794 1233 1863 1269 est
1890 1241 1902 1269 :

491 1308 534 1352 E
537 1306 722 1353 dessem'
736 1306 876 1362 cives,
895 1303 957 1350 de
973 1303 1158 1367 injuria
1174 1298 1463 1363 vobissacta
1480 1300 1626 1347 valde
1641 1310 1906 1355 moerentes,

490 1383 827 1432 rectitudinem
845 1399 876 1427 (a
897 1381 1018 1427 duce
1034 1379 1416 1446 postulaverunt.
1440 1378 1543 1425 Sed
1560 1380 1679 1442 quia
1700 1377 1781 1424 ille
1799 1395 1911 1424 auc-

492 1475 635 1508 torem
660 1479 710 1507 se
729 1455 1193 1524 proditionz'sficisse
1216 1456 1425 1515 delexit,
1453 1467 1602 1522 caput
1627 1455 1760 1501 illias
1779 1472 1911 1519 proe-

493 1549 764 1586 secuerunt.
802 1537 871 1582 Et
904 1553 1012 1582 ecce
1041 1545 1188 1599 caput
1219 1535 1405 1580 inimici
1438 1534 1531 1579 Dei
1561 1544 1604 1579 et
1627 1534 1798 1589 vestri,
1823 1549 1914 1597 per

494 1635 600 1675 nos,
625 1615 756 1661 vobis
774 1615 1018 1660 miserunt.
1043 1611 1236 1657 Cunctis
1261 1610 1370 1657 inde
1393 1609 1722 1674 gaudentibus„
1739 1608 1912 1655 Tobias

496 1694 664 1759 adjecit
694 1713 703 1738 :
735 1693 890 1749 Veni,
912 1690 1048 1736 miles
1072 1690 1286 1753 egregie,
1317 1688 1529 1754 elfiliczm
1556 1687 1696 1733 ducis
1720 1690 1769 1732 ιή
1796 1704 1910 1733 con-

488 1775 662 1839 jugem
696 1772 880 1835 accipe.
909 1770 1033 1814 Esto
1059 1770 1285 1832 princeps
1318 1776 1492 1823 noster,
1535 1776 1579 1811 et
1608 1764 1912 1811 Edessenzcm

499 1850 731 1896 ducatum
762 1845 958 1911 posside
985 1846 1277 1910 perenniter.
1317 1841 1573 1888 Balduinus
1608 1841 1764 1905 itaque
1804 1858 1912 1886 cum

497 1927 588 1974 suis
628 1924 892 1990 tripudians
935 1921 1105 1968 urbem
1143 1923 1376 1986 ingressus
1416 1931 1514 1978 est,
1562 1930 1608 1966 et
1652 1920 1701 1965 in
1740 1919 1913 1982 palatio

498 2003 750 2069 principali
777 2021 802 2049 a
827 2002 1007 2048 cunctis
1033 1998 1212 2046 civibus
1237 1998 1372 2045 valde
1391 1997 1703 2063 gaudentibus
1723 2015 1915 2061 suscep-

499 2095 573 2130 tus
592 2093 677 2129 est.
701 2080 901 2145 Insignis
923 2078 1077 2142 puella
1101 2078 1318 2124 scelerosi
1345 2077 1475 2124 ducis
1498 2087 1773 2142 opportuno
1797 2087 1916 2123 tem-

499 2177 617 2226 pore
638 2159 869 2223 baptizata
889 2167 983 2214 est,
1005 2167 1052 2202 et
1071 2156 1272 2220 eleganti
1294 2153 1546 2211 Balduino‚
1568 2171 1710 2219 quem
1726 2154 1915 2200 vivente

499 2251 659 2304 patre,
698 2236 776 2284 sed
812 2237 1086 2300 ignorante,
1124 2233 1394 2281 medullitus
1429 2243 1700 2297 optaverat,
1743 2233 1913 2279 sociata

500 2329 585 2364 est.
633 2314 875 2379 Indigenae
927 2312 1196 2369 christiani,
1241 2311 1370 2376 quod
1407 2310 1664 2357 christiano
1708 2310 1915 2374 principi

500 2394 838 2448 subderentur,
873 2392 972 2438 Deo
996 2391 1168 2455 gratias
1187 2388 1462 2445 reddentes,
1495 2386 1749 2435 admodum
1768 2387 1915 2433 laetati

502 2483 637 2530 sunt,
670 2482 717 2517 et
737 2470 903 2526 Turci,
935 2470 1101 2515 amissa
1128 2468 1453 2515 dominatione
1468 2503 1480 2523 ,
1502 2485 1593 2531 qua
1612 2465 1914 2512 Christicolas

501 2549 725 2596 hactenus
766 2556 1126 2610 oppresserant,
1154 2544 1320 2609 dejecti
1357 2555 1483 2590 sunt.
1520 2545 1691 2608 Ingens
1723 2541 1913 2589 basilica

501 2637 674 2674 sanctae
708 2623 897 2688 Sophiae
928 2623 1104 2670 ibidem
1141 2633 1407 2670 constructa
1435 2622 1587 2668 fuerat
1620 2618 1914 2684 temporibus

500 2703 728 2769 antiquis,
770 2719 914 2766 quam
948 2702 995 2747 in
1029 2701 1211 2748 honore
1248 2699 1394 2745 sancti
1424 2698 1701 2754 Salvatoris,
1740 2697 1915 2761 quiesi:

501 2783 649 2827 virtus
679 2791 723 2825 et
752 2779 974 2842 sapientia
1014 2778 1097 2824 Dei
1126 2778 1294 2841 patric,
1321 2775 1552 2823 Balduino
1584 2775 1909 2838 principante,
