2085 3455
532 363 610 400 56⁴2
831 358 1073 397 HISTORIA
1104 358 1505 397 ECCLESIASTICA.
1533 361 1696 408 [xxv1110
1715 373 1798 398 JUN.
1822 362 1944 412 1098}

530 448 784 512 cupabant‚
805 447 963 512 eisque
984 447 1263 493 immensam
1281 445 1569 493 deletionem
1587 447 1760 494 strictis
1780 446 1946 512 gladiis

529 524 870 591 parturiebant.
898 524 1168 572 Mactabant
1195 541 1272 572 eos
1295 524 1425 570 velut
1447 541 1556 570 oves
1580 535 1815 581 errantes,
1843 542 1944 588 prae

530 606 702 651 timore
731 603 880 649 nimio
902 603 1045 649 totius
1062 602 1345 649 defensionis
1367 602 1686 649 immemores.
1714 601 1943 649 Admira-

527 684 616 730 lius
640 698 846 747 quoque,
873 681 955 745 qui
977 681 1023 726 in
1045 681 1307 743 municipio
1328 690 1641 736 remanserat,
1664 680 1739 725 cui
1763 679 1942 726 Gurba-

526 778 703 807 rannus
732 758 846 805 illud
870 758 1191 813 commiserat,
1222 769 1273 803 ut
1291 774 1396 804 suos
1422 758 1564 821 longe
1586 758 1773 821 lateque
1794 758 1945 820 turpi-

526 851 600 886 ter
623 838 791 884 effusos
812 836 958 894 vidit,
984 836 1159 882 timore
1184 836 1467 899 perterritus
1496 835 1585 881 sibi
1609 836 1873 891 consuluit,
1898 847 1945 881 et

524 926 777 979 antequam
812 913 983 958 Franci
1013 912 1272 969 redissent,
1304 911 1680 958 Christianorum
1715 912 1944 958 vexillum

525 994 710 1057 rogavit
735 1001 781 1037 et
800 989 1003 1053 accepit,
1030 990 1142 1035 etin
1164 989 1357 1035 castello
1383 989 1430 1035 in
1452 989 1556 1036 loco
1579 988 1767 1036 editiori
1794 990 1942 1036 collo-

524 1070 672 1125 cavit,
699 1078 752 1113 ut
771 1067 863 1113 suis
887 1077 933 1112 et
957 1065 1042 1111 sibi
1075 1065 1139 1112 sie
1167 1075 1465 1128 parceretur,
1487 1082 1576 1111 nec
1599 1065 1656 1111 de
1681 1066 1943 1129 municipio

521 1145 762 1195 reddendo
787 1144 1103 1190 dubitaretur.
1134 1142 1341 1197 Deinde,
1370 1142 1484 1188 dum
1510 1143 1764 1189 Christiani
1784 1144 1943 1190 victo-

521 1243 595 1272 res
615 1223 842 1271 redissent
855 1258 868 1279 ,
892 1232 938 1268 et
955 1220 1256 1285 Langobardi
1281 1222 1352 1284 (ι)
1370 1221 1558 1285 signum
1579 1221 1763 1268 comitis
1783 1221 1940 1267 Sancti

521 1301 722 1367 AEgidii,
750 1299 978 1364 quoniam
1013 1298 1128 1344 dum
1151 1309 1403 1362 rogaretur
1433 1298 1719 1361 praesentior
1755 1296 1938 1354 aderat,

518 1379 766 1433 vidissent,
798 1375 932 1422 valde
957 1374 1187 1439 indignati
1212 1386 1345 1432 sunt,
1374 1374 1655 1439 acribusque
1682 1374 1824 1420 minis
1848 1391 1942 1420 sae-

520 1458 621 1504 vire
656 1465 927 1519 coeperunt.
967 1453 1256 1499 Admiralius
1291 1464 1450 1499 autem
1487 1469 1577 1516 pro
1618 1451 1941 1498 controversia

519 1533 807 1600 pacificanda
841 1533 1028 1597 signum
1065 1532 1228 1578 comiti
1261 1529 1495 1587 reddidit,
1522 1542 1569 1576 et
1594 1531 1781 1595 signum
1815 1531 1941 1576 Bua-

519 1613 685 1660 mundi
705 1628 795 1676 pro
819 1628 932 1675 pace
960 1621 1006 1656 et
1026 1611 1173 1656 salute
1196 1627 1275 1655 sua
1291 1646 1304 1666 ,
1327 1626 1616 1672 suorumque
1647 1608 1939 1655 commilito-

520 1710 660 1748 num,
684 1690 733 1736 in
765 1700 897 1735 turre
925 1687 1196 1734 sublimarit
1231 1688 1320 1750 (2).
1353 1686 1534 1733 Deinde
1565 1697 1753 1750 pactum
1771 1723 1784 1742 ,
1812 1686 1940 1750 quod

518 1767 823 1815 Buamundus
858 1777 905 1813 et
946 1765 1233 1812 Admiralius
1267 1765 1327 1811 ab
1367 1766 1571 1812 invicem
1599 1766 1839 1822 fecerunt,
1880 1764 1941 1810 ab

519 1846 740 1895 omnibus
759 1845 1002 1890 firmatum
1020 1854 1110 1900 est,
1133 1854 1179 1889 et
1199 1843 1517 1906 municipium
1535 1841 1811 1888 Christianis
1831 1859 1939 1888 con-

518 1925 672 1973 festim
692 1922 932 1970 redditum
955 1932 1039 1968 est.
1066 1921 1178 1968 Non
1203 1922 1356 1968 multo
1382 1931 1516 1984 post,
1541 1919 1858 1976 Admiralius,
1886 1930 1939 1964 ut

517 2004 675 2068 prius,
704 2002 823 2047 sieut
855 2000 951 2063 ipse
982 1998 1236 2055 asserebat,
1266 1999 1348 2045 diu
1373 2008 1645 2061 optaverat,
1680 1997 1939 2061 baptizatus

518 2092 612 2139 est,
642 2091 690 2127 et
723 2078 907 2125 liberali
938 2078 1236 2124 Francorum
1268 2075 1594 2123 munificentia
1627 2074 1827 2122 donatus
1849 2086 1934 2122 est.

517 2157 957 2220 Christianiitaque,
974 2154 1479 2219 1v0kale11clasjulii(5)‚
1496 2154 1545 2199 in
1561 2153 1886 2217 praeliojuvan
1896 2163 1938 2198 te

516 2237 617 2283 Deo
639 2232 1020 2296 triumpharunt,
1043 2243 1090 2278 et
1112 2230 1418 2278 Antiochiam
1441 2229 1641 2276 liberam
1660 2239 1705 2276 et
1730 2230 1938 2293 quietam

516 2313 847 2361 obtinuerunt.
886 2310 1149 2373 Municipes
1183 2326 1297 2356 vero
1336 2309 1544 2366 Turcos,
1574 2308 1658 2372 qui
1694 2307 1938 2354 castellum

515 2388 847 2443 reddiderunt,
882 2398 929 2433 et
960 2387 1242 2433 Christianae
1274 2386 1408 2443 fidei,
1439 2404 1546 2451 quae
1575 2386 1658 2432 lux
1691 2390 1862 2432 animae
1891 2396 1939 2432 et

515 2467 706 2514 initium
738 2466 898 2511 salutis
922 2475 1012 2522 est,
1039 2465 1492 2521 recalcitraverunt,
1514 2463 1781 2510 Buamundi
1816 2479 1936 2510 con-

558 2636 610 2682 (1)
630 2635 696 2670 Les
714 2634 863 2669 Italiens
881 2634 1154 2678 meridionaux‚
1179 2634 1314 2670 soldats
1332 2633 1379 2669 de
1402 2631 1604 2668 Boemond.

558 2697 611 2739 (2)
633 2694 664 2729 Il
692 2694 797 2741 s’agit
821 2694 868 2728 ici
894 2693 939 2728 de
961 2694 994 2728 la
1017 2694 1196 2730 citadelle.
1226 2694 1329 2729 Nous
1354 2705 1503 2728 verrons
1530 2705 1596 2740 par
1622 2691 1656 2726 la
1683 2691 1777 2726 suite
1803 2703 1875 2739 que
1902 2690 1935 2725 le

513 2759 631 2789 comte
650 2752 695 2788 de
715 2752 899 2787 Toulouse
919 2760 1013 2788 resta
1030 2764 1161 2788 encore
1179 2752 1406 2800 long-temps
1424 2763 1469 2785 en
1490 2750 1695 2797 possession
1716 2749 1761 2784 de
1779 2748 1813 2783 la
1832 2759 1932 2784 mos—

512 2813 623 2859 quee,
643 2810 732 2859 qu'il
750 2811 842 2845 avait
863 2810 1035 2855 fortifiee‚
1058 2811 1151 2846 aussi
1169 2811 1254 2846 bien
1273 2822 1344 2858 que
1362 2809 1411 2845 du
1430 2808 1542 2856 palais
1562 2808 1607 2843 de
1627 2807 1871 2855 BaguieSyan.

562 2870 611 2917 (3)
632 2873 678 2907 Le
699 2870 742 2905 28
761 2871 844 2916 juin
869 2871 967 2917 1098.
