2085 3455
603 314 676 349 182
963 313 1204 350 HlsTORIA
1235 313 1636 351 ECCLESIAS'HCA.
1863 317 2002 364 [1085]

598 397 809 444 licitavit.
860 395 1098 444 Archiatri
1137 398 1366 445 detectam
1408 398 1619 445 fraudem
1657 410 1703 445 et
1741 401 1999 463 angustiam

598 474 795 522 herilem
829 476 1091 534 audientes,
1128 488 1171 523 et
1206 478 1251 522 in
1277 478 1485 522 futurum
1510 494 1568 523 ne
1596 476 1830 522 terribiles
1859 478 2001 524 minae

596 553 724 600 ducis
747 554 1050 617 explerentur
1075 565 1317 617 precantes
1334 591 1344 610 ,
1381 566 1480 601 toto
1517 557 1621 600 nisu
1640 555 1826 618 juveni,
1861 571 2002 618 quem

597 631 837 687 laeserant,
867 632 914 677 in
938 632 1068 677 omni
1088 632 1312 677 exercitio
1337 631 1537 694 physicae
1558 632 1668 676 artis
1693 630 1868 677 mederi
1897 647 2003 677 cer-

598 708 776 754 tabant.
813 708 1083 771 Opitulante
1117 710 1239 765 Deo,
1272 710 1351 772 qni
1384 726 1468 772 per
1500 708 1717 754 eumdem
1749 709 1926 754 Tui-cos
1958 719 2004 755 et

597 785 857 848 Agarenos,
879 784 1159 830 Christiana²
1182 784 1285 829 {idei
1309 784 1478 840 hostes,
1506 785 1819 847 comprimere
1842 783 2004 830 decre-

597 873 754 917 verat,
777 879 902 925 aeger
927 862 1182 908 convaluit.
1211 860 1298 907 Sed
1326 862 1372 906 in
1394 862 1521 907 omni
1548 862 1639 906 vita
1664 879 1741 906 sua
1758 897 1770 916 ,
1800 877 1898 923 prae
1920 877 2005 906 ve-

598 955 746 995 neno,
769 956 864 1002 quo
889 939 1082 984 insectus
1108 940 1282 994 suerat,
1306 936 1505 1000 pallidus
1524 938 1797 1000 permansit.

661 1017 844 1061 Interea
864 1016 1121 1079 versipellis
1146 1027 1191 1061 et
1219 1015 1457 1078 ingeniosa
1484 1014 1655 1060 mulier
1678 1014 1825 1060 multa
1851 1030 2006 1060 secum

597 1093 895 1149 revolvebat,
937 1094 1180 1157 nimioque
1220 1103 1349 1138 metu
1387 1092 1705 1138 indesinenter
1742 1091 2003 1148 stimulata,

598 1169 923 1216 considerabat
952 1169 1078 1234 quod
1112 1171 1144 1215 si
1176 1171 1351 1233 legatus
1381 1186 1487 1216 suus
1518 1169 1573 1215 ad
1610 1168 2006 1215 transfretandum

598 1264 727 1293 mare
749 1246 976 1303 tardaret,
999 1258 1044 1293 et
1062 1258 1267 1311 aegrotus
1288 1258 1394 1292 ante
1419 1246 1673 1292 adventum
1697 1248 1791 1311 ejus
1812 1247 2008 1309 emigra-

598 1335 694 1380 ret,
724 1325 801 1370 illa
821 1326 1025 1388 juratam
1049 1324 1135 1370 sibi
1161 1336 1365 1371 mortem
1389 1341 1495 1371 ense
1526 1325 1682 1370 mariti
1707 1341 1804 1371 non
1839 1323 2006 1370 evade-

599 1412 688 1448 ret.
716 1402 866 1465 Igitur
897 1402 1036 1448 aliam
1062 1419 1085 1447 e
1117 1413 1281 1448 contra
1310 1402 1746 1465 tergiversationem
1768 1401 2004 1447 truculen-

601 1489 698 1524 tam
750 1489 796 1524 et
850 1479 1048 1525 omnino
1101 1478 1410 1525 execrabilem
1462 1479 1761 1543 excogitavit.
1812 1478 2009 1525 Veneno

601 1556 757 1601 virum
771 1574 923 1610 suum,
944 1556 1067 1619 proh
1084 1556 1247 1603 dolor!
1268 1557 1442 1603 infecit.
1461 1557 1683 1603 Protinus
1701 1567 1751 1602 ut
1768 1556 1846 1602 ille
1860 1573 2008 1620 aegro·

602 1644 701 1679 tare
727 1634 898 1696 coepit,
925 1644 969 1679 et
992 1634 1085 1696 ipsa
1115 1633 1170 1679 de
1192 1634 1449 1680 inevitabili
1472 1651 1578 1680 casu
1593 1635 1688 1697 ejus
1708 1651 1803 1680 non
1830 1632 2013 1679 dubita-

601 1710 668 1755 vit
686 1745 697 1764 ,
719 1710 986 1756 convocatis
1004 1711 1214 1772 parasitis
1237 1711 1327 1755 suis
1347 1728 1454 1755 enm
1477 1710 1667 1774 reliquis
1690 1707 2010 1772 Langobardis

603 1797 746 1833 noctu
768 1787 1000 1844 surrexit,
1029 1798 1073 1831 et
1108 1785 1164 1832 ad
1189 1804 1317 1832 mare
1346 1804 1615 1851 progressa,
1646 1803 1784 1833 naves
1812 1787 2012 1850 optimas

604 1882 710 1910 curn
731 1863 952 1910 omnibus
976 1864 1068 1909 suis
1102 1865 1295 1909 intravit
1313 1900 1324 1919 ,
1353 1875 1398 1910 et
1423 1881 1585 1910 omnes
1614 1865 1817 1928 reliquas
1843 1880 2009 1920 naveS,

605 1957 663 1986 ne
682 1941 947 1987 Normanni
969 1958 1069 1986 eam
1088 1953 1497 2005 persequerentur,
1519 1941 1741 1988 incendit.
1765 1942 1889 1987 Dum
1902 1958 2013 1988 vero

606 2019 736 2065 littus
771 2018 956 2082 Apuliae
994 2020 1177 2083 attigit,
1205 2019 1395 2083 quidam
1424 2019 1556 2065 miles
1585 2018 1642 2066 de
1673 2019 1894 2066 satellitio
1919 2020 2013 2083 ejus

607 2097 727 2142 clam
741 2113 966 2160 egreSSUS,
987 2096 1274 2142 Psalerniam
1295 2107 1436 2142 noctu
1456 2097 1600 2150 venit,
1624 2107 1669 2142 et
1684 2094 2012 2142 Buamundum

605 2175 880 2220 festinanter
916 2190 1182 2237 aggressus,
1221 2175 1285 2219 ait
1321 2195 1330 2219 :
1368 2174 1522 2237 Surge
1557 2177 1670 2231 cito,
1713 2185 1756 2219 et
1773 2172 1928 2236 fitge,
1970 2182 2013 2218 et

608 2251 744 2297 salva
763 2262 820 2297 te.
849 2250 1060 2314 Cumque
1087 2251 1164 2296 ille
1184 2268 1366 2296 cansam
1388 2251 1674 2314 inquireret,
1704 2250 1897 2295 nuntius
1919 2266 2011 2295 res-

608 2327 776 2391 pondit
816 2348 825 2373 :
855 2329 1007 2374 Pater
1035 2339 1140 2374 tuus
1176 2341 1386 2374 mortuus
1418 2340 1508 2385 est,
1535 2341 1580 2374 et
1612 2345 1809 2373 noverca
1847 2340 1929 2373 τιια
1965 2328 2013 2372 in

609 2407 796 2473 Apulia
817 2417 900 2452 est.
933 2407 1043 2451 Huc
1066 2404 1443 2470 aulemjestinat
1465 2408 1649 2462 venire,
1679 2417 1727 2451 ut
1745 2405 1933 2451 occidat
1951 2415 2007 2450 te.

610 2484 706 2530 Nec
740 2501 874 2530 mora
904 2483 1228 2538 Buamundus,
1266 2495 1359 2529 tam
1384 2484 1514 2547 gravi
1546 2500 1739 2529 rumore
1769 2482 2008 2538 turbatus,
2074 2500 2075 2506 ¹

610 2563 791 2607 asinum
809 2560 1038 2616 aseendit,
1063 2561 1182 2607 elam
1206 2561 1374 2607 urbem
1399 2562 1559 2617 exivit,
1587 2560 1642 2606 ad
1663 2559 1925 2607 Jordanum
1945 2567 2009 2619 (1¹2

654 2714 705 2752 (ι)
726 2707 921 2749 Jourdain,
945 2709 1070 2754 prince
1097 2707 1140 2741 de
1160 2709 1308 2755 Capoue
1331 2708 1372 2754 (5
1399 2708 1485 2742 avril
1511 2708 1664 2756 1078·19
1683 2721 1728 2742 on
1757 2720 1799 2742 20
1823 2707 2010 2742 decembre

617 2772 716 2815 1091)
731 2795 738 2808 ,
764 2767 1074 2811 cousin-germain
1099 2768 1142 2801 de
1168 2767 1353 2802 Boemoud
1374 2780 1437 2813 par
1454 2780 1487 2802 sa
1510 2768 1606 2802 mere
1623 2766 1834 2809 Fredeline,
1855 2777 1950 2800 soeur
1967 2764 2010 2798 de

612 2827 750 2864 Robert
769 2825 961 2861 Guiscard.
