2033 3445
71 305 296 352 [FEBRUARIO
319 304 440 352 1099]
583 302 738 341 LIBER
766 301 946 340 NONUS.
1396 305 1474 342 587

68 387 217 432 mulas
251 398 298 433 et
330 388 432 434 auri
467 387 652 452 pondus
696 390 974 433 immensum
1006 387 1283 435 Christianis
1321 389 1473 445 misit,

68 475 115 509 et
154 481 317 527 pacem
351 475 398 511 et
437 466 690 512 amicitiam
728 464 787 510 ab
828 464 892 510 eis
923 480 1008 526 per
1039 465 1214 529 legatos
1242 468 1473 529 poposcit.

68 541 271 587 Comites
298 559 404 588 cum
428 559 484 589 eo
509 560 595 589 nec
616 559 780 606 pacem
802 543 1038 598 secerunt3
1065 559 1153 588 nec
1177 542 1334 589 oblata
1355 560 1479 590 rece-

67 630 241 681 perunt
257 638 270 676 ;
300 620 445 666 immo
464 619 744 665 fiducialiter
764 615 1114 681 responderunt
1137 638 1147 664 :
1174 620 1300 666 Haec
1315 622 1478 666 omniu

67 712 129 740 ex
151 707 194 740 te
215 697 503 760 respuimus,
535 713 779 759 quousque
797 706 998 757 satagas
1007 696 1128 759 fieri
1154 696 1474 743 Christianus.

66 771 320 836 Postquam
356 772 413 818 de
447 773 569 819 valle
602 773 760 836 opima
785 772 956 837 egressi
981 784 1117 830 sunt,
1149 772 1204 819 ad
1241 772 1478 838 quoddam

66 860 272 896 castrum
305 850 502 896 nomine
537 850 695 896 Arche
729 852 1020 897 transierunt
1058 851 1157 913 (1),
1181 851 1313 913 juxta
1352 850 1479 915 quod

64 926 216 990 pridie
240 926 340 973 idus
363 927 589 973 februarii
616 929 686 991 (2)
721 939 869 974 castra
894 929 1204 975 locaverumt.
1240 928 1478 992 Oppidum

65 1015 221 1051 autem
256 1005 373 1051 illud
399 1005 737 1052 innumerabili
763 1017 864 1052 erat
886 1023 1178 1069 paganorum
1204 1017 1343 1069 gente
1368 1024 1475 1051 mu-

64 1083 244 1140 nitum,
283 1082 498 1128 Arabum
535 1084 836 1148 frequentiis,
881 1095 927 1130 et
965 1083 1362 1140 Publicanorum;
1396 1084 1477 1147 qui

63 1160 268 1206 viriliter
284 1177 330 1206 se
343 1160 658 1207 defendebant
677 1172 841 1207 contra
862 1162 1057 1207 assultus
1078 1160 1473 1206 Christianorum.

63 1236 430 1296 Quatuordecim
449 1239 623 1285 milites
644 1239 888 1285 christiani
911 1255 1069 1285 versus
1089 1239 1349 1301 Tripolim,
1372 1255 1478 1301 quae

64 1330 163 1359 non
183 1314 391 1360 multum
409 1313 660 1361 differebat
684 1314 744 1360 ab
769 1316 1003 1372 exercitu,
1034 1316 1248 1371 iverunt,
1275 1325 1322 1359 et
1344 1330 1477 1359 sexa-

63 1391 192 1454 ginta
230 1392 410 1439 Turcos
435 1393 746 1449 invenerunt,
773 1394 854 1457 qui
884 1404 993 1438 ante
1017 1409 1062 1438 se
1086 1392 1262 1438 multos
1288 1390 1475 1438 condu-

64 1468 234 1515 cebant
256 1469 472 1516 homines
496 1490 506 1515 :
533 1471 833 1526 Sarracenos,
860 1470 1040 1516 Arabes
1063 1481 1110 1516 et
1131 1470 1323 1527 Curtos,
1344 1469 1478 1514 mille

63 1547 253 1593 circiter
279 1549 591 1612 quingentos,
630 1559 676 1594 et
700 1549 918 1594 animalia
953 1548 1177 1611 plurima.
1212 1548 1307 1594 Hos
1331 1545 1474 1591 Chri-

63 1624 199 1670 stiani
215 1625 523 1689 pertinaciter
540 1626 831 1683 invaserunt,
849 1635 896 1670 et
908 1642 963 1671 ex
980 1625 1070 1670 illis
1084 1641 1161 1670 sex
1181 1622 1474 1677 occiderunt,

62 1719 206 1767 equos
244 1702 440 1750 totidem
469 1702 793 1760 abstulerunt,
837 1703 1046 1766 aliosque
1081 1703 1391 1765 fugaverunt,
1431 1712 1478 1746 et

62 1781 280 1826 animalia
307 1780 615 1825 reduxerunt.
643 1780 939 1825 Francorum
967 1778 1199 1842 siquidem.
1226 1777 1475 1824 invincibi-

63 1857 118 1902 lis
135 1857 350 1903 ferocitas
375 1856 600 1903 finitimos
621 1867 667 1903 et
690 1857 858 1919 procul
881 1857 1057 1920 positos
1079 1873 1242 1902 omnes
1261 1855 1475 1901 deterre-

61 1934 159 1980 bat.
189 1934 313 1980 Deus
345 1935 522 1980 etenim
557 1935 621 1980 sic
644 1934 929 1997 operabatur
961 1935 1007 1979 in
1038 1934 1155 1991 illis,
1182 1933 1260 1997 qui
1290 1949 1474 1995 semper

62 2012 153 2057 suis
174 2023 350 2075 praesto
376 2022 445 2058 est
467 2012 669 2058 athletis.
698 2012 788 2058 Res
813 2013 859 2058 in
890 2012 1065 2057 virtute
1084 2012 1166 2057 Dei
1190 2011 1293 2057 laeta
1316 2009 1473 2056 fideli-

62 2089 148 2135 bus
185 2090 410 2154 contigit,
442 2089 556 2134 dum
580 2107 661 2136 X1v
693 2089 946 2135 Christiani
984 2106 1042 2134 Lx
1076 2089 1256 2134 Turcos
1287 2104 1472 2150 superaa

61 2168 243 2224 verint,
268 2179 314 2214 et
338 2166 570 2213 residuam
605 2167 962 2213 multitudinem
994 2167 1281 2231 fugaverint,
1306 2176 1352 2212 et
1375 2167 1473 2211 ani-

60 2245 198 2290 malia
221 2262 277 2290 ex
303 2246 512 2308 ipsorum
538 2244 748 2291 saucibus
770 2244 1103 2290 abstraxerint.

124 2323 193 2368 De
227 2323 435 2368 exercitu
460 2321 711 2368 Raimundi
741 2323 950 2378 comitis,
979 2321 1268 2368 Raimundus
1298 2321 1470 2366 Piletus

61 2411 106 2445 et
125 2399 416 2445 Raimundus
435 2399 694 2445 vicecomes
716 2400 805 2462 (ὅ),
827 2417 932 2445 cum
949 2398 1180 2445 militibus
1196 2416 1294 2445 non
1311 2398 1471 2444 multis

103 2560 154 2604 (ι)
173 2559 324 2601 Archis,
346 2570 394 2592 ou
416 2558 589 2601 Arachis,
609 2565 713 2592 entrc
733 2558 875 2604 Tripoli
896 2558 939 2592 de
959 2559 1062 2605 Syrie
1080 2566 1116 2593 ct
1136 2560 1304 2593 'rm-[ose.

103 2619 153 2665 (2)
186 2620 232 2653 Lc
257 2616 393 2651 saniedi
426 2630 463 2651 12
495 2618 643 2659 fevricr‚
678 2617 776 2652 selon
804 2625 907 2652 notre
929 2625 1077 2661 anteum
1100 2619 1188 2653 mais
1214 2618 1237 2652 il
1262 2619 1375 2664 parait
1399 2630 1468 2664 quc

60 2678 179 2712 c'c'tait
198 2678 410 2712 rcellcincnt
431 2678 462 2712 lc
482 2677 583 2711 lundi
609 2679 660 2719 14.

105 2735 155 2782 (3)
181 2739 241 2772 On
269 2749 376 2783 pcnsc
401 2750 472 2783 quc
499 2737 678 2771 naimond
699 2737 799 2772 Pelet
825 2739 912 2771 clait
936 2739 1106 2783 seigneur
1131 2738 1284 2778 d'Alais;
1311 2743 1423 2783 quant
1449 2740 1466 2770 a

60 2795 185 2831 tamve
203 2808 447 2842 pcrsonnagc,
470 2797 531 2843 qui
553 2796 668 2843 ligure
689 2796 733 2831 ici
754 2809 836 2831 avec
855 2796 885 2830 la
908 2796 1153 2843 qualification
1177 2795 1221 2829 ‹le
1244 2795 1418 2837 viconilc,
1443 2795 1463 2827 il
