2033 3445
89 322 249 374 [xxvuiO
271 337 368 364 sum-11
395 325 512 375 1098]
603 323 756 362 LIBER
788 321 968 361 NONUS.
1416 324 1490 362 561

90 427 291 474 corpora
312 409 606 474 repellebant
628 408 927 473 corporibus
957 408 1124 455 Timor
1148 418 1302 455 tamen
1317 444 1331 467 ‚
1356 426 1496 473 super

90 487 269 533 Turcos
288 486 512 533 divinitus
534 487 750 550 illapsus,
778 501 855 531 eos
875 485 1109 530 exterruit
1123 520 1135 540 ‚
1165 495 1212 529 et
1236 486 1498 531 constantia

90 563 377 612 invincibilis
410 564 514 610 illos
535 563 758 610 admirari
784 572 830 608 et
861 561 1190 624 obstupescere
1211 562 1346 618 fecit,
1382 563 1498 608 etin

88 642 246 706 sugam
286 641 454 705 coegit.
495 641 640 704 Legio
683 640 829 703 igitur
868 649 964 685 tota
1000 639 1150 701 coepit
1183 637 1368 695 labare,
1411 655 1499 685 nec

89 717 314 774 buccina,
343 735 431 764 nec
465 727 742 780 tympanum
767 716 862 779 (ι),
900 731 984 762 nec
1023 715 1188 770 lituus,
1225 731 1312 761 nec
1342 732 1502 778 praeco

90 805 277 858 poterat
299 810 376 840 eos
400 809 639 840 revocare.
674 793 708 838 F
714 793 945 856 ugitantes
971 803 1125 837 autem
1150 792 1295 838 anci
1318 790 1375 837 ad
1403 802 1503 838 ten—

91 872 213 918 toria
238 870 620 928 declinaverunt,
648 870 729 916 ubi
754 870 928 916 multos
952 886 1170 925 suorum,
1197 885 1316 932 quos
1343 868 1405 914 ihi
1431 868 1505 914 di-

90 950 343 1006 miserant,
368 949 740 996 succenturiatos
765 948 834 1009 (2)
857 946 1175 1002 aestimabant3
1205 947 1310 1010 qui,
1336 956 1388 992 ut
1409 946 1503 993 dic-

91 1037 194 1072 tum
240 1037 331 1081 est,
376 1026 472 1071 istis
523 1024 811 1071 certantibus
857 1025 964 1087 igne
1021 1040 1216 1070 accenso
1263 1025 1498 1088 fugerant.

89 1104 305 1168 Denique
327 1103 580 1148 Christiani
606 1119 814 1167 paganos
834 1102 1060 1148 atrociter
1077 1099 1335 1147 occidendo
1357 1118 1503 1165 usque

92 1180 149 1227 ad
159 1182 360 1228 Pontem
372 1181 601 1227 Ferreum
610 1180 910 1243 fugaverunt,
930 1189 977 1225 et
991 1179 1161 1242 passim
1171 1177 1506 1225 obtruncando

92 1274 239 1323 usque
275 1257 332 1304 ad
358 1257 590 1304 Tancredi
627 1257 870 1303 castellum
907 1256 1139 1319 persecuti
1174 1266 1297 1301 sunt.
1323 1254 1503 1302 Deinde

93 1333 149 1380 ad
187 1333 349 1381 tendas
378 1351 545 1381 eorum
580 1332 849 1388 redierunt,
876 1342 921 1378 et
946 1330 1177 1395 quidquid
1203 1342 1304 1377 erat
1334 1348 1506 1378 concu-

92 1410 306 1474 piscibile
330 1411 649 1474 diripuerunt.
676 1409 816 1455 Gazas
843 1407 1164 1464 omnimodas,
1186 1424 1295 1454 oves
1319 1409 1506 1472 lanige—

95 1506 192 1546 ras,
229 1490 441 1553 jumenta
478 1489 751 1542 innumera,
790 1487 1010 1532 alimenta
1046 1486 1258 1548 copiosa,
1289 1495 1335 1531 et
1370 1502 1507 1549 quae-

94 1583 294 1631 cumque
331 1565 650 1629 indigentibus
685 1575 821 1611 erant
858 1563 1137 1619 necessaria,
1182 1563 1229 1608 in
1267 1564 1506 1609 civitatem

92 1643 368 1690 detulerunt
387 1661 494 1689 cum
521 1642 812 1707 jocunditate
837 1658 1024 1705 magna.
1053 1640 1156 1687 Mos
1182 1640 1310 1687 enim
1344 1641 1505 1704 genti-

92 1722 210 1768 lium
233 1733 324 1779 est‚
361 1721 409 1768 in
444 1721 627 1768 hostem
653 1721 863 1783 copiosas
897 1735 1008 1781 opes
1039 1717 1246 1773 deferre,
1282 1734 1425 1781 equos
1458 1729 1504 1764 et

92 1799 244 1845 asinos
268 1809 314 1845 et
337 1798 538 1845 camelos
557 1797 613 1843 ad
637 1795 991 1842 subvehendum
1011 1794 1282 1840 clitellarios
1303 1793 1500 1850 ducere,

92 1891 201 1921 oves
226 1885 272 1920 et
304 1873 446 1922 boves
471 1874 528 1919 ad
566 1871 907 1920 comedendum
943 1869 1142 1927 habere,
1182 1886 1421 1916 annonam
1456 1880 1502 1915 et

91 1953 314 2010 farinam,
341 1953 492 1999 sabam
518 1963 563 1998 et
591 1951 745 1998 oleum
762 1987 774 2007 ,
800 1950 1059 2011 vinumque
1084 1964 1180 1993 non
1206 1947 1500 2010 praetermit-

93 2040 210 2077 tere.
248 2030 502 2077 Christiani
537 2040 693 2075 autem
729 2027 798 2072 his
828 2024 1048 2073 omnibus
1072 2023 1368 2070 abundanter
1391 2042 1500 2070 cum

92 2118 257 2170 optato
298 2106 542 2170 triumpho
577 2105 711 2152 ditati
744 2114 878 2159 sunt,
921 2113 966 2148 et
999 2101 1244 2166 condignis
1284 2100 1499 2146 laudibus

92 2184 244 2231 Deum
259 2183 623 2239 benedixerunt,
645 2197 845 2245 eumque
864 2180 930 2225 sui
955 2188 1278 2242 protectorem
1298 2194 1501 2241 praesen-

93 2261 268 2308 tialiter
302 2271 655 2326 cognoverunt,
685 2259 973 2322 hymnosque
998 2256 1290 2320 gratulanter
1314 2255 1362 2301 in
1396 2272 1500 2301 coe-

92 2339 192 2386 lum
210 2341 498 2387 extulerunt.

156 2416 259 2480 Syri
271 2428 318 2463 et
332 2416 566 2472 Armenii,
585 2413 789 2478 reglonis
807 2412 928 2457 illius
947 2411 1134 2469 incolae,
1152 2409 1363 2456 videntes
1377 2410 1498 2456 Tur-

93 2511 171 2540 cos
207 2494 639 2559 irrecuperabiliter
677 2493 724 2537 in
761 2489 887 2536 bello
925 2489 1098 2546 vict08‚
1135 2498 1500 2534 montanearum

94 2582 232 2618 notos
250 2573 483 2619 anfractus
506 2568 808 2634 oppilabant,
836 2577 883 2613 et
911 2566 1048 2612 calles
1072 2576 1292 2629 angustos
1311 2581 1500 2628 praeoc-

139 2759 190 2804 (1)
209 2759 255 2792 Le
273 2757 453 2793 tambour.

141 2818 191 2862 (2)
210 2816 408 2863 Organises
426 2830 469 2851 cn
488 2828 591 2861 corps
610 2815 652 2849 <lc
673 2826 823 2848 rescrx‘c.

192 2893 263 2924 111.
1248 2869 1306 2913 56
