<?xml version="1.0" encoding="UTF-8"?>
<!DOCTYPE html PUBLIC "-//W3C//DTD XHTML 1.0 Transitional//EN"
    "http://www.w3.org/TR/xhtml1/DTD/xhtml1-transitional.dtd">
<html xmlns="http://www.w3.org/1999/xhtml" xml:lang="en" lang="en">
 <head>
  <title>
</title>
<meta http-equiv="Content-Type" content="text/html;charset=utf-8" />
  <meta name='ocr-system' content='tesseract 3.04.00' />
  <meta name='ocr-capabilities' content='ocr_page ocr_carea ocr_par ocr_line ocrx_word'/>
</head>
<body>
  <div class='ocr_page' id='page_1' title='image "./ordericivitalish03ordeuoft/ordericivitalish03ordeuoft_0220.png"; bbox 0 0 2085 3455; ppageno 0'>
   <div class='ocr_carea' id='block_1_1' title="bbox 590 286 1983 337">
    <p class='ocr_par' dir='ltr' id='par_1_1' title="bbox 590 286 1983 337">
     <span class='ocr_line' id='line_1_1' title="bbox 590 286 1983 337; baseline 0.001 -13"><span class='ocrx_word' id='word_1_1' title='bbox 590 289 661 324; x_wconf 71' lang='lat'>172</span> <span class='ocrx_word' id='word_1_2' title='bbox 952 286 1191 324; x_wconf 83' lang='lat' dir='ltr'>HISTORIA</span> <span class='ocrx_word' id='word_1_3' title='bbox 1224 286 1624 325; x_wconf 68' lang='lat' dir='ltr'>ECCLESIASTICA.</span> <span class='ocrx_word' id='word_1_4' title='bbox 1846 289 1983 337; x_wconf 82' lang='lat'>[1081]</span> 
     </span>
    </p>
   </div>
   <div class='ocr_carea' id='block_1_2' title="bbox 584 371 2003 1521">
    <p class='ocr_par' dir='ltr' id='par_1_2' title="bbox 584 371 2003 1521">
     <span class='ocr_line' id='line_1_2' title="bbox 584 371 1985 436; baseline -0.001 -18"><span class='ocrx_word' id='word_1_5' title='bbox 584 373 670 418; x_wconf 85' lang='lat' dir='ltr'>hus</span> <span class='ocrx_word' id='word_1_6' title='bbox 712 372 968 436; x_wconf 88' lang='lat' dir='ltr'>provinciis</span> <span class='ocrx_word' id='word_1_7' title='bbox 1001 373 1413 429; x_wconf 73' lang='lat' dir='ltr'><strong>contraherentur,</strong></span> <span class='ocrx_word' id='word_1_8' title='bbox 1448 372 1644 436; x_wconf 85' lang='lat' dir='ltr'>quadam</span> <span class='ocrx_word' id='word_1_9' title='bbox 1684 371 1759 417; x_wconf 88' lang='lat' dir='ltr'>die</span> <span class='ocrx_word' id='word_1_10' title='bbox 1802 372 1985 418; x_wconf 89' lang='lat' dir='ltr'>Marcus</span> 
     </span>
     <span class='ocr_line' id='line_1_3' title="bbox 584 449 1986 516; baseline 0.001 -21"><span class='ocrx_word' id='word_1_11' title='bbox 584 449 884 496; x_wconf 83' lang='lat' dir='ltr'>Buamundus</span> <span class='ocrx_word' id='word_1_12' title='bbox 927 462 1034 496; x_wconf 86' lang='lat' dir='ltr'>cum</span> <span class='ocrx_word' id='word_1_13' title='bbox 1074 451 1413 516; x_wconf 77' lang='lat' dir='ltr'>quinquaginta</span> <span class='ocrx_word' id='word_1_14' title='bbox 1452 450 1678 495; x_wconf 79' lang='lat' dir='ltr'>militibus</span> <span class='ocrx_word' id='word_1_15' title='bbox 1714 449 1986 513; x_wconf 82' lang='lat' dir='ltr'>pabulatum</span> 
     </span>
     <span class='ocr_line' id='line_1_4' title="bbox 585 528 1991 593; baseline 0 -19"><span class='ocrx_word' id='word_1_16' title='bbox 585 529 816 590; x_wconf 84' lang='lat' dir='ltr'>perrexit,</span> <span class='ocrx_word' id='word_1_17' title='bbox 849 539 895 574; x_wconf 86' lang='lat' dir='ltr'>et</span> <span class='ocrx_word' id='word_1_18' title='bbox 929 530 1201 592; x_wconf 70' lang='lat' dir='ltr'>quingentis</span> <span class='ocrx_word' id='word_1_19' title='bbox 1231 528 1489 585; x_wconf 79' lang='lat' dir='ltr'>militibus,</span> <span class='ocrx_word' id='word_1_20' title='bbox 1513 529 1591 593; x_wconf 81' lang='lat' dir='ltr'>qui</span> <span class='ocrx_word' id='word_1_21' title='bbox 1618 528 1810 574; x_wconf 82' lang='lat' dir='ltr'>obsessis</span> <span class='ocrx_word' id='word_1_22' title='bbox 1837 528 1991 574; x_wconf 82' lang='lat' dir='ltr'>admi-</span> 
     </span>
     <span class='ocr_line' id='line_1_5' title="bbox 587 604 1986 669; baseline 0 -19"><span class='ocrx_word' id='word_1_23' title='bbox 587 606 858 662; x_wconf 85' lang='lat' dir='ltr'>niculaturi,</span> <span class='ocrx_word' id='word_1_24' title='bbox 877 606 1135 651; x_wconf 82' lang='lat' dir='ltr'>exercitum</span> <span class='ocrx_word' id='word_1_25' title='bbox 1147 605 1348 669; x_wconf 85' lang='lat' dir='ltr'>expediti</span> <span class='ocrx_word' id='word_1_26' title='bbox 1364 605 1614 668; x_wconf 70' lang='lat' dir='ltr'>praeibant,</span> <span class='ocrx_word' id='word_1_27' title='bbox 1629 607 1751 652; x_wconf 68' lang='lat' dir='ltr'>sorte</span> <span class='ocrx_word' id='word_1_28' title='bbox 1763 604 1986 651; x_wconf 82' lang='lat' dir='ltr'>obviavit.</span> 
     </span>
     <span class='ocr_line' id='line_1_6' title="bbox 586 682 1988 738; baseline 0.001 -11"><span class='ocrx_word' id='word_1_29' title='bbox 586 682 697 729; x_wconf 88' lang='lat' dir='ltr'>Mox</span> <span class='ocrx_word' id='word_1_30' title='bbox 720 694 770 728; x_wconf 84' lang='lat' dir='ltr'>ut</span> <span class='ocrx_word' id='word_1_31' title='bbox 792 699 886 728; x_wconf 86' lang='lat' dir='ltr'>sese</span> <span class='ocrx_word' id='word_1_32' title='bbox 917 693 1080 728; x_wconf 90' lang='lat' dir='ltr'>mutuo</span> <span class='ocrx_word' id='word_1_33' title='bbox 1097 682 1343 738; x_wconf 83' lang='lat' dir='ltr'>viderunt,</span> <span class='ocrx_word' id='word_1_34' title='bbox 1364 699 1472 728; x_wconf 69' lang='lat' dir='ltr'>vere</span> <span class='ocrx_word' id='word_1_35' title='bbox 1497 694 1733 729; x_wconf 80' lang='lat' dir='ltr'>certamen</span> <span class='ocrx_word' id='word_1_36' title='bbox 1763 683 1988 728; x_wconf 84' lang='lat' dir='ltr'>inierunt.</span> 
     </span>
     <span class='ocr_line' id='line_1_7' title="bbox 586 760 1990 822; baseline 0.001 -18"><span class='ocrx_word' id='word_1_37' title='bbox 586 761 737 806; x_wconf 85' lang='lat' dir='ltr'>Porro</span> <span class='ocrx_word' id='word_1_38' title='bbox 760 761 904 805; x_wconf 79' lang='lat' dir='ltr'>Danai</span> <span class='ocrx_word' id='word_1_39' title='bbox 921 796 932 816; x_wconf 89' lang='lat'><strong><em>,</em></strong></span> <span class='ocrx_word' id='word_1_40' title='bbox 960 760 1352 805; x_wconf 80' lang='lat' dir='ltr'>Normannorum.</span> <span class='ocrx_word' id='word_1_41' title='bbox 1389 760 1619 822; x_wconf 85' lang='lat' dir='ltr'>impetum</span> <span class='ocrx_word' id='word_1_42' title='bbox 1644 777 1738 805; x_wconf 85' lang='lat' dir='ltr'>non</span> <span class='ocrx_word' id='word_1_43' title='bbox 1765 760 1990 816; x_wconf 73' lang='lat' dir='ltr'>ferentes,</span> 
     </span>
     <span class='ocr_line' id='line_1_8' title="bbox 588 835 1995 901; baseline 0.001 -19"><span class='ocrx_word' id='word_1_44' title='bbox 588 849 715 901; x_wconf 81' lang='lat' dir='ltr'>terga</span> <span class='ocrx_word' id='word_1_45' title='bbox 738 847 985 883; x_wconf 81' lang='lat' dir='ltr'>verterunt</span> <span class='ocrx_word' id='word_1_46' title='bbox 999 874 1010 894; x_wconf 83' lang='lat'><strong><em>,</em></strong></span> <span class='ocrx_word' id='word_1_47' title='bbox 1028 837 1292 900; x_wconf 84' lang='lat' dir='ltr'>multasque</span> <span class='ocrx_word' id='word_1_48' title='bbox 1309 835 1552 882; x_wconf 79' lang='lat' dir='ltr'>manubias</span> <span class='ocrx_word' id='word_1_49' title='bbox 1568 837 1841 883; x_wconf 81' lang='lat' dir='ltr'>amiserunt.</span> <span class='ocrx_word' id='word_1_50' title='bbox 1861 838 1995 883; x_wconf 80' lang='lat' dir='ltr'>Tunc</span> 
     </span>
     <span class='ocr_line' id='line_1_9' title="bbox 585 912 1996 976; baseline -0.001 -16"><span class='ocrx_word' id='word_1_51' title='bbox 585 930 755 960; x_wconf 79' lang='lat' dir='ltr'>aeream</span> <span class='ocrx_word' id='word_1_52' title='bbox 784 930 972 960; x_wconf 86' lang='lat' dir='ltr'>crucem</span> <span class='ocrx_word' id='word_1_53' title='bbox 1000 912 1335 975; x_wconf 85' lang='lat' dir='ltr'>perdiderunt,</span> <span class='ocrx_word' id='word_1_54' title='bbox 1365 929 1505 976; x_wconf 88' lang='lat' dir='ltr'>quam</span> <span class='ocrx_word' id='word_1_55' title='bbox 1542 913 1877 959; x_wconf 76' lang='lat' dir='ltr'>Constantinus</span> <span class='ocrx_word' id='word_1_56' title='bbox 1903 914 1996 958; x_wconf 86' lang='lat' dir='ltr'>im-</span> 
     </span>
     <span class='ocr_line' id='line_1_10' title="bbox 587 988 1995 1054; baseline 0 -18"><span class='ocrx_word' id='word_1_57' title='bbox 587 1001 796 1054; x_wconf 81' lang='lat' dir='ltr'>perator,</span> <span class='ocrx_word' id='word_1_58' title='bbox 821 1000 1114 1053; x_wconf 78' lang='lat' dir='ltr'>pugnaturus</span> <span class='ocrx_word' id='word_1_59' title='bbox 1144 999 1308 1035; x_wconf 83' lang='lat' dir='ltr'>contra</span> <span class='ocrx_word' id='word_1_60' title='bbox 1334 988 1643 1047; x_wconf 74' lang='lat' dir='ltr'>Maxentium,</span> <span class='ocrx_word' id='word_1_61' title='bbox 1671 990 1764 1035; x_wconf 88' lang='lat' dir='ltr'>visa</span> <span class='ocrx_word' id='word_1_62' title='bbox 1785 1006 1922 1036; x_wconf 88' lang='lat' dir='ltr'>cruce</span> <span class='ocrx_word' id='word_1_63' title='bbox 1947 991 1995 1036; x_wconf 89' lang='lat' dir='ltr'>in</span> 
     </span>
     <span class='ocr_line' id='line_1_11' title="bbox 587 1067 1994 1132; baseline -0.002 -17"><span class='ocrx_word' id='word_1_64' title='bbox 587 1069 713 1115; x_wconf 89' lang='lat' dir='ltr'>coelo</span> <span class='ocrx_word' id='word_1_65' title='bbox 728 1106 740 1125; x_wconf 91' lang='lat'><strong><em>,</em></strong></span> <span class='ocrx_word' id='word_1_66' title='bbox 757 1069 946 1115; x_wconf 77' lang='lat' dir='ltr'>fecerat.</span> <span class='ocrx_word' id='word_1_67' title='bbox 971 1067 1233 1114; x_wconf 86' lang='lat' dir='ltr'>Redeuntes</span> <span class='ocrx_word' id='word_1_68' title='bbox 1251 1068 1406 1132; x_wconf 85' lang='lat' dir='ltr'>itaque</span> <span class='ocrx_word' id='word_1_69' title='bbox 1421 1067 1478 1113; x_wconf 87' lang='lat' dir='ltr'>de</span> <span class='ocrx_word' id='word_1_70' title='bbox 1495 1067 1719 1114; x_wconf 78' lang='lat' dir='ltr'>conflictu</span> <span class='ocrx_word' id='word_1_71' title='bbox 1732 1068 1994 1114; x_wconf 78' lang='lat' dir='ltr'>Nol-manni</span> 
     </span>
     <span class='ocr_line' id='line_1_12' title="bbox 587 1145 1998 1210; baseline -0.001 -18"><span class='ocrx_word' id='word_1_72' title='bbox 587 1146 809 1210; x_wconf 82' lang='lat' dir='ltr'>gaudium</span> <span class='ocrx_word' id='word_1_73' title='bbox 831 1147 994 1210; x_wconf 78' lang='lat' dir='ltr'>ingens</span> <span class='ocrx_word' id='word_1_74' title='bbox 1011 1156 1056 1192; x_wconf 88' lang='lat' dir='ltr'>et</span> <span class='ocrx_word' id='word_1_75' title='bbox 1076 1145 1288 1191; x_wconf 82' lang='lat' dir='ltr'>victoriae</span> <span class='ocrx_word' id='word_1_76' title='bbox 1314 1162 1444 1208; x_wconf 89' lang='lat' dir='ltr'>spem</span> <span class='ocrx_word' id='word_1_77' title='bbox 1467 1146 1603 1192; x_wconf 87' lang='lat' dir='ltr'>sociis</span> <span class='ocrx_word' id='word_1_78' title='bbox 1628 1145 1904 1191; x_wconf 87' lang='lat' dir='ltr'>intulerunt.</span> <span class='ocrx_word' id='word_1_79' title='bbox 1918 1145 1998 1191; x_wconf 88' lang='lat' dir='ltr'>Pe-</span> 
     </span>
     <span class='ocr_line' id='line_1_13' title="bbox 588 1222 2002 1288; baseline -0.001 -18"><span class='ocrx_word' id='word_1_80' title='bbox 588 1225 703 1288; x_wconf 77' lang='lat' dir='ltr'>lasgi</span> <span class='ocrx_word' id='word_1_81' title='bbox 724 1235 883 1271; x_wconf 83' lang='lat' dir='ltr'>autem</span> <span class='ocrx_word' id='word_1_82' title='bbox 907 1223 1232 1288; x_wconf 75' lang='lat' dir='ltr'>gravissimum</span> <span class='ocrx_word' id='word_1_83' title='bbox 1255 1223 1469 1269; x_wconf 88' lang='lat' dir='ltr'>dolorem</span> <span class='ocrx_word' id='word_1_84' title='bbox 1500 1234 1547 1269; x_wconf 87' lang='lat' dir='ltr'>et</span> <span class='ocrx_word' id='word_1_85' title='bbox 1575 1222 1879 1269; x_wconf 83' lang='lat' dir='ltr'>diffidentiam</span> <span class='ocrx_word' id='word_1_86' title='bbox 1911 1239 2002 1286; x_wconf 86' lang='lat' dir='ltr'>pro</span> 
     </span>
     <span class='ocr_line' id='line_1_14' title="bbox 588 1300 1999 1366; baseline -0.001 -18"><span class='ocrx_word' id='word_1_87' title='bbox 588 1303 749 1348; x_wconf 85' lang='lat' dir='ltr'>amissa</span> <span class='ocrx_word' id='word_1_88' title='bbox 782 1319 921 1349; x_wconf 86' lang='lat' dir='ltr'>cruce</span> <span class='ocrx_word' id='word_1_89' title='bbox 945 1302 1137 1348; x_wconf 86' lang='lat' dir='ltr'>Domini</span> <span class='ocrx_word' id='word_1_90' title='bbox 1172 1300 1466 1357; x_wconf 80' lang='lat' dir='ltr'>habuerunt,</span> <span class='ocrx_word' id='word_1_91' title='bbox 1495 1319 1633 1366; x_wconf 87' lang='lat' dir='ltr'>quam</span> <span class='ocrx_word' id='word_1_92' title='bbox 1667 1301 1875 1348; x_wconf 81' lang='lat' dir='ltr'>maximo</span> <span class='ocrx_word' id='word_1_93' title='bbox 1898 1301 1999 1346; x_wconf 88' lang='lat' dir='ltr'>auri</span> 
     </span>
     <span class='ocr_line' id='line_1_15' title="bbox 590 1378 2003 1427; baseline -0.001 -1"><span class='ocrx_word' id='word_1_94' title='bbox 590 1380 769 1427; x_wconf 86' lang='lat' dir='ltr'>talento</span> <span class='ocrx_word' id='word_1_95' title='bbox 795 1379 1027 1426; x_wconf 77' lang='lat' dir='ltr'>redimere</span> <span class='ocrx_word' id='word_1_96' title='bbox 1051 1380 1258 1425; x_wconf 83' lang='lat' dir='ltr'>multum</span> <span class='ocrx_word' id='word_1_97' title='bbox 1286 1379 1641 1425; x_wconf 75' lang='lat' dir='ltr'>laboraverunt.</span> <span class='ocrx_word' id='word_1_98' title='bbox 1672 1378 1853 1425; x_wconf 85' lang='lat' dir='ltr'>Verum</span> <span class='ocrx_word' id='word_1_99' title='bbox 1877 1378 2003 1423; x_wconf 88' lang='lat' dir='ltr'>Wis-</span> 
     </span>
     <span class='ocr_line' id='line_1_16' title="bbox 590 1455 2002 1521; baseline -0.001 -18"><span class='ocrx_word' id='word_1_100' title='bbox 590 1457 754 1504; x_wconf 81' lang='lat' dir='ltr'>cardus</span> <span class='ocrx_word' id='word_1_101' title='bbox 778 1457 919 1503; x_wconf 88' lang='lat' dir='ltr'>talem</span> <span class='ocrx_word' id='word_1_102' title='bbox 934 1467 1194 1502; x_wconf 84' lang='lat' dir='ltr'>mercatum</span> <span class='ocrx_word' id='word_1_103' title='bbox 1213 1473 1352 1519; x_wconf 76' lang='lat' dir='ltr'>agere</span> <span class='ocrx_word' id='word_1_104' title='bbox 1375 1455 1623 1520; x_wconf 79' lang='lat' dir='ltr'>indignum</span> <span class='ocrx_word' id='word_1_105' title='bbox 1639 1455 1773 1502; x_wconf 87' lang='lat' dir='ltr'>duxit</span> <span class='ocrx_word' id='word_1_106' title='bbox 1788 1492 1800 1514; x_wconf 86' lang='lat'><strong>,</strong></span> <span class='ocrx_word' id='word_1_107' title='bbox 1820 1456 1929 1521; x_wconf 83' lang='lat' dir='ltr'>quia</span> <span class='ocrx_word' id='word_1_108' title='bbox 1942 1472 2002 1501; x_wconf 84' lang='lat' dir='ltr'>aes</span> 
     </span>
    </p>
   </div>
   <div class='ocr_carea' id='block_1_3' title="bbox 592 1532 2061 1597">
    <p class='ocr_par' dir='ltr' id='par_1_3' title="bbox 592 1532 2061 1597">
     <span class='ocr_line' id='line_1_17' title="bbox 592 1532 2061 1597; baseline -0.001 -18"><span class='ocrx_word' id='word_1_109' title='bbox 592 1535 639 1580; x_wconf 90' lang='lat' dir='ltr'>in</span> <span class='ocrx_word' id='word_1_110' title='bbox 661 1551 799 1581; x_wconf 89' lang='lat' dir='ltr'>eruce</span> <span class='ocrx_word' id='word_1_111' title='bbox 822 1550 912 1597; x_wconf 89' lang='lat' dir='ltr'>pro</span> <span class='ocrx_word' id='word_1_112' title='bbox 935 1535 1112 1579; x_wconf 81' lang='lat' dir='ltr'>virtute</span> <span class='ocrx_word' id='word_1_113' title='bbox 1131 1532 1302 1578; x_wconf 88' lang='lat' dir='ltr'>Christi</span> <span class='ocrx_word' id='word_1_114' title='bbox 1325 1533 1573 1596; x_wconf 84' lang='lat' dir='ltr'>pretiosius</span> <span class='ocrx_word' id='word_1_115' title='bbox 1592 1534 1724 1580; x_wconf 89' lang='lat' dir='ltr'>omni</span> <span class='ocrx_word' id='word_1_116' title='bbox 1749 1550 1866 1580; x_wconf 84' lang='lat' dir='ltr'>auro</span> <span class='ocrx_word' id='word_1_117' title='bbox 1888 1534 2008 1579; x_wconf 85' lang='lat' dir='ltr'>aesti-</span> <span class='ocrx_word' id='word_1_118' title='bbox 2055 1560 2061 1566; x_wconf 94' lang='lat'><em>-</em></span> 
     </span>
    </p>
   </div>
   <div class='ocr_carea' id='block_1_4' title="bbox 592 1612 2014 2295">
    <p class='ocr_par' dir='ltr' id='par_1_4' title="bbox 592 1612 2007 1907">
     <span class='ocr_line' id='line_1_18' title="bbox 592 1612 2005 1676; baseline -0.001 -19"><span class='ocrx_word' id='word_1_119' title='bbox 592 1613 755 1659; x_wconf 85' lang='lat' dir='ltr'>mavit.</span> <span class='ocrx_word' id='word_1_120' title='bbox 778 1613 910 1658; x_wconf 88' lang='lat' dir='ltr'>Hanc</span> <span class='ocrx_word' id='word_1_121' title='bbox 942 1612 1097 1676; x_wconf 86' lang='lat' dir='ltr'>itaque</span> <span class='ocrx_word' id='word_1_122' title='bbox 1129 1628 1319 1658; x_wconf 85' lang='lat' dir='ltr'>crucem</span> <span class='ocrx_word' id='word_1_123' title='bbox 1343 1628 1500 1657; x_wconf 85' lang='lat' dir='ltr'>seeum</span> <span class='ocrx_word' id='word_1_124' title='bbox 1522 1612 1568 1658; x_wconf 88' lang='lat' dir='ltr'>in</span> <span class='ocrx_word' id='word_1_125' title='bbox 1600 1612 1762 1657; x_wconf 87' lang='lat' dir='ltr'>multis</span> <span class='ocrx_word' id='word_1_126' title='bbox 1784 1612 2005 1675; x_wconf 84' lang='lat' dir='ltr'>periculis</span> 
     </span>
     <span class='ocr_line' id='line_1_19' title="bbox 593 1689 2007 1753; baseline -0.001 -18"><span class='ocrx_word' id='word_1_127' title='bbox 593 1689 824 1752; x_wconf 79' lang='lat' dir='ltr'>portavit,</span> <span class='ocrx_word' id='word_1_128' title='bbox 860 1707 1001 1753; x_wconf 78' lang='lat' dir='ltr'>quam</span> <span class='ocrx_word' id='word_1_129' title='bbox 1031 1699 1139 1751; x_wconf 83' lang='lat' dir='ltr'>post</span> <span class='ocrx_word' id='word_1_130' title='bbox 1160 1699 1367 1735; x_wconf 84' lang='lat' dir='ltr'>mortem</span> <span class='ocrx_word' id='word_1_131' title='bbox 1395 1689 1492 1751; x_wconf 82' lang='lat' dir='ltr'>ejus</span> <span class='ocrx_word' id='word_1_132' title='bbox 1517 1689 1795 1735; x_wconf 86' lang='lat' dir='ltr'>coenobium</span> <span class='ocrx_word' id='word_1_133' title='bbox 1825 1689 2007 1735; x_wconf 84' lang='lat' dir='ltr'>Sanctae</span> 
     </span>
     <span class='ocr_line' id='line_1_20' title="bbox 592 1765 2004 1830; baseline -0.001 -18"><span class='ocrx_word' id='word_1_134' title='bbox 592 1767 838 1813; x_wconf 81' lang='lat' dir='ltr'>Trinitatis</span> <span class='ocrx_word' id='word_1_135' title='bbox 870 1767 1086 1814; x_wconf 84' lang='lat' dir='ltr'>Venusiae</span> <span class='ocrx_word' id='word_1_136' title='bbox 1122 1776 1396 1812; x_wconf 82' lang='lat' dir='ltr'>reverenter</span> <span class='ocrx_word' id='word_1_137' title='bbox 1430 1783 1576 1830; x_wconf 85' lang='lat' dir='ltr'>usque</span> <span class='ocrx_word' id='word_1_138' title='bbox 1612 1765 1750 1812; x_wconf 86' lang='lat' dir='ltr'>hodie</span> <span class='ocrx_word' id='word_1_139' title='bbox 1775 1765 2004 1822; x_wconf 79' lang='lat' dir='ltr'>custodit,</span> 
     </span>
     <span class='ocr_line' id='line_1_21' title="bbox 594 1843 1790 1907; baseline -0.002 -17"><span class='ocrx_word' id='word_1_140' title='bbox 594 1855 639 1890; x_wconf 84' lang='lat' dir='ltr'>et</span> <span class='ocrx_word' id='word_1_141' title='bbox 659 1862 766 1890; x_wconf 87' lang='lat' dir='ltr'>cum</span> <span class='ocrx_word' id='word_1_142' title='bbox 790 1844 890 1890; x_wconf 80' lang='lat' dir='ltr'>aliis</span> <span class='ocrx_word' id='word_1_143' title='bbox 906 1844 1192 1890; x_wconf 86' lang='lat' dir='ltr'>Sanctorum</span> <span class='ocrx_word' id='word_1_144' title='bbox 1211 1843 1490 1907; x_wconf 80' lang='lat' dir='ltr'>pignoribus</span> <span class='ocrx_word' id='word_1_145' title='bbox 1514 1843 1686 1889; x_wconf 85' lang='lat' dir='ltr'>excolit</span> <span class='ocrx_word' id='word_1_146' title='bbox 1704 1844 1790 1906; x_wconf 79' lang='grc' dir='ltr'>(ι).</span> 
     </span>
    </p>

    <p class='ocr_par' dir='ltr' id='par_1_5' title="bbox 594 1921 2014 2295">
     <span class='ocr_line' id='line_1_22' title="bbox 659 1921 2010 1985; baseline -0.001 -17"><span class='ocrx_word' id='word_1_147' title='bbox 659 1923 821 1969; x_wconf 86' lang='lat' dir='ltr'>Mense</span> <span class='ocrx_word' id='word_1_148' title='bbox 839 1921 1025 1969; x_wconf 84' lang='lat' dir='ltr'>octobri</span> <span class='ocrx_word' id='word_1_149' title='bbox 1048 1921 1238 1968; x_wconf 87' lang='lat' dir='ltr'>Alexius</span> <span class='ocrx_word' id='word_1_150' title='bbox 1260 1922 1517 1985; x_wconf 84' lang='lat' dir='ltr'>imperator</span> <span class='ocrx_word' id='word_1_151' title='bbox 1534 1921 1734 1984; x_wconf 82' lang='lat' dir='ltr'>Dyracio</span> <span class='ocrx_word' id='word_1_152' title='bbox 1752 1922 2010 1985; x_wconf 86' lang='lat' dir='ltr'>appropia-</span> 
     </span>
     <span class='ocr_line' id='line_1_23' title="bbox 596 1998 2010 2065; baseline -0.001 -20"><span class='ocrx_word' id='word_1_153' title='bbox 596 2002 693 2058; x_wconf 89' lang='lat' dir='ltr'>vit,</span> <span class='ocrx_word' id='word_1_154' title='bbox 722 2011 771 2047; x_wconf 88' lang='lat' dir='ltr'>et</span> <span class='ocrx_word' id='word_1_155' title='bbox 801 2001 1008 2065; x_wconf 79' lang='lat' dir='ltr'>legiones</span> <span class='ocrx_word' id='word_1_156' title='bbox 1042 2018 1143 2046; x_wconf 86' lang='lat' dir='ltr'>suas</span> <span class='ocrx_word' id='word_1_157' title='bbox 1171 2017 1227 2046; x_wconf 87' lang='lat' dir='ltr'>ex</span> <span class='ocrx_word' id='word_1_158' title='bbox 1258 2000 1421 2046; x_wconf 87' lang='lat' dir='ltr'>multis</span> <span class='ocrx_word' id='word_1_159' title='bbox 1454 1999 1727 2046; x_wconf 87' lang='lat' dir='ltr'>nationibus</span> <span class='ocrx_word' id='word_1_160' title='bbox 1757 1999 1924 2045; x_wconf 85' lang='lat' dir='ltr'>accitas</span> <span class='ocrx_word' id='word_1_161' title='bbox 1954 1998 2010 2044; x_wconf 87' lang='lat' dir='ltr'>ad</span> 
     </span>
     <span class='ocr_line' id='line_1_24' title="bbox 594 2074 2011 2139; baseline -0.002 -16"><span class='ocrx_word' id='word_1_162' title='bbox 594 2076 776 2123; x_wconf 87' lang='lat' dir='ltr'>bellum</span> <span class='ocrx_word' id='word_1_163' title='bbox 811 2075 1067 2123; x_wconf 86' lang='lat' dir='ltr'>ordinavit.</span> <span class='ocrx_word' id='word_1_164' title='bbox 1105 2074 1285 2122; x_wconf 87' lang='lat' dir='ltr'>Deinde</span> <span class='ocrx_word' id='word_1_165' title='bbox 1322 2076 1574 2123; x_wconf 86' lang='lat' dir='ltr'>commisso</span> <span class='ocrx_word' id='word_1_166' title='bbox 1610 2076 1806 2139; x_wconf 84' lang='lat' dir='ltr'>praelio,</span> <span class='ocrx_word' id='word_1_167' title='bbox 1842 2091 2011 2139; x_wconf 79' lang='lat' dir='ltr'>magna</span> 
     </span>
     <span class='ocr_line' id='line_1_25' title="bbox 597 2153 2014 2219; baseline -0.001 -19"><span class='ocrx_word' id='word_1_168' title='bbox 597 2154 835 2219; x_wconf 79' lang='lat' dir='ltr'>sanguinis</span> <span class='ocrx_word' id='word_1_169' title='bbox 863 2154 1027 2200; x_wconf 82' lang='lat' dir='ltr'>effusio</span> <span class='ocrx_word' id='word_1_170' title='bbox 1045 2154 1163 2200; x_wconf 78' lang='lat' dir='ltr'>facta</span> <span class='ocrx_word' id='word_1_171' title='bbox 1178 2164 1246 2200; x_wconf 88' lang='lat' dir='ltr'>est</span> <span class='ocrx_word' id='word_1_172' title='bbox 1261 2191 1272 2211; x_wconf 91' lang='lat'><strong><em>,</em></strong></span> <span class='ocrx_word' id='word_1_173' title='bbox 1293 2164 1339 2200; x_wconf 89' lang='lat' dir='ltr'>et</span> <span class='ocrx_word' id='word_1_174' title='bbox 1360 2155 1524 2218; x_wconf 76' lang='lat' dir='ltr'>ingens</span> <span class='ocrx_word' id='word_1_175' title='bbox 1542 2154 1879 2200; x_wconf 87' lang='lat' dir='ltr'>detrimentum</span> <span class='ocrx_word' id='word_1_176' title='bbox 1898 2153 2014 2198; x_wconf 90' lang='lat' dir='ltr'>utri-</span> 
     </span>
     <span class='ocr_line' id='line_1_26' title="bbox 599 2230 2013 2295; baseline -0.002 -18"><span class='ocrx_word' id='word_1_177' title='bbox 599 2247 691 2295; x_wconf 89' lang='lat' dir='ltr'>que</span> <span class='ocrx_word' id='word_1_178' title='bbox 713 2231 837 2294; x_wconf 83' lang='lat' dir='ltr'>parti</span> <span class='ocrx_word' id='word_1_179' title='bbox 867 2248 992 2276; x_wconf 84' lang='lat' dir='ltr'>saevo</span> <span class='ocrx_word' id='word_1_180' title='bbox 1025 2231 1176 2276; x_wconf 86' lang='lat' dir='ltr'>Marte</span> <span class='ocrx_word' id='word_1_181' title='bbox 1205 2231 1391 2277; x_wconf 75' lang='lat' dir='ltr'>furente</span> <span class='ocrx_word' id='word_1_182' title='bbox 1425 2230 1651 2277; x_wconf 85' lang='lat' dir='ltr'>collatum</span> <span class='ocrx_word' id='word_1_183' title='bbox 1679 2240 1764 2275; x_wconf 84' lang='lat' dir='ltr'>est.</span> <span class='ocrx_word' id='word_1_184' title='bbox 1799 2230 2013 2294; x_wconf 83' lang='lat' dir='ltr'>Denique</span> 
     </span>
    </p>
   </div>
   <div class='ocr_carea' id='block_1_5' title="bbox 887 2327 1697 2339">
    <p class='ocr_par' dir='ltr' id='par_1_6' title="bbox 887 2327 1697 2339">
     <span class='ocr_line' id='line_1_27' title="bbox 887 2327 1697 2339; baseline 0 0"><span class='ocrx_word' id='word_1_185' title='bbox 887 2327 1697 2339; x_wconf 95' lang='lat' dir='ltr'> </span> 
     </span>
    </p>
   </div>
   <div class='ocr_carea' id='block_1_6' title="bbox 602 2373 2015 2839">
    <p class='ocr_par' dir='ltr' id='par_1_7' title="bbox 602 2373 2015 2839">
     <span class='ocr_line' id='line_1_28' title="bbox 646 2373 2013 2421; baseline -0.001 -12"><span class='ocrx_word' id='word_1_186' title='bbox 646 2376 698 2420; x_wconf 86' lang='lat'>(1)</span> <span class='ocrx_word' id='word_1_187' title='bbox 717 2374 837 2409; x_wconf 76' lang='lat' dir='ltr'>Alexis</span> <span class='ocrx_word' id='word_1_188' title='bbox 855 2387 891 2409; x_wconf 86' lang='lat' dir='ltr'>se</span> <span class='ocrx_word' id='word_1_189' title='bbox 909 2375 978 2409; x_wconf 87' lang='lat' dir='ltr'>mit</span> <span class='ocrx_word' id='word_1_190' title='bbox 1001 2387 1045 2408; x_wconf 83' lang='lat' dir='ltr'>en</span> <span class='ocrx_word' id='word_1_191' title='bbox 1070 2382 1175 2409; x_wconf 78' lang='lat' dir='ltr'>route</span> <span class='ocrx_word' id='word_1_192' title='bbox 1193 2377 1211 2409; x_wconf 71' lang='lat' dir='ltr'>a</span> <span class='ocrx_word' id='word_1_193' title='bbox 1234 2375 1265 2409; x_wconf 82' lang='lat' dir='ltr'>la</span> <span class='ocrx_word' id='word_1_194' title='bbox 1293 2375 1342 2409; x_wconf 90' lang='lat' dir='ltr'>fin</span> <span class='ocrx_word' id='word_1_195' title='bbox 1358 2374 1481 2409; x_wconf 75' lang='lat' dir='ltr'>d&#39;aofit</span> <span class='ocrx_word' id='word_1_196' title='bbox 1507 2387 1601 2421; x_wconf 86' lang='lat' dir='ltr'>pour</span> <span class='ocrx_word' id='word_1_197' title='bbox 1619 2373 1789 2408; x_wconf 79' lang='lat' dir='ltr'>marchei·</span> <span class='ocrx_word' id='word_1_198' title='bbox 1805 2386 1849 2408; x_wconf 90' lang='lat' dir='ltr'>au</span> <span class='ocrx_word' id='word_1_199' title='bbox 1869 2385 2013 2408; x_wconf 84' lang='lat' dir='ltr'>secours</span> 
     </span>
     <span class='ocr_line' id='line_1_29' title="bbox 602 2431 2011 2481; baseline -0.001 -12"><span class='ocrx_word' id='word_1_200' title='bbox 602 2434 647 2469; x_wconf 89' lang='lat' dir='ltr'>de</span> <span class='ocrx_word' id='word_1_201' title='bbox 668 2435 848 2477; x_wconf 82' lang='lat' dir='ltr'>Durazzo,</span> <span class='ocrx_word' id='word_1_202' title='bbox 870 2435 974 2481; x_wconf 65' lang='lat' dir='ltr'>apres</span> <span class='ocrx_word' id='word_1_203' title='bbox 995 2434 1090 2469; x_wconf 84' lang='lat' dir='ltr'>deux</span> <span class='ocrx_word' id='word_1_204' title='bbox 1109 2435 1271 2469; x_wconf 79' lang='lat' dir='ltr'>combats</span> <span class='ocrx_word' id='word_1_205' title='bbox 1288 2435 1454 2469; x_wconf 75' lang='lat' dir='ltr'>heureux</span> <span class='ocrx_word' id='word_1_206' title='bbox 1478 2446 1540 2468; x_wconf 80' lang='lat' dir='ltr'>sur</span> <span class='ocrx_word' id='word_1_207' title='bbox 1561 2446 1640 2468; x_wconf 84' lang='lat' dir='ltr'>mer</span> <span class='ocrx_word' id='word_1_208' title='bbox 1658 2440 1783 2468; x_wconf 79' lang='lat' dir='ltr'>contre</span> <span class='ocrx_word' id='word_1_209' title='bbox 1805 2431 2011 2475; x_wconf 75' lang='lat' dir='ltr'>Boemond,</span> 
     </span>
     <span class='ocr_line' id='line_1_30' title="bbox 602 2493 2015 2541; baseline -0.001 -13"><span class='ocrx_word' id='word_1_210' title='bbox 602 2494 708 2529; x_wconf 73' lang='lat' dir='ltr'>livres</span> <span class='ocrx_word' id='word_1_211' title='bbox 724 2493 798 2528; x_wconf 86' lang='lat' dir='ltr'>l’un</span> <span class='ocrx_word' id='word_1_212' title='bbox 816 2507 881 2541; x_wconf 83' lang='lat' dir='ltr'>par</span> <span class='ocrx_word' id='word_1_213' title='bbox 893 2494 945 2528; x_wconf 88' lang='lat' dir='ltr'>les</span> <span class='ocrx_word' id='word_1_214' title='bbox 963 2495 1157 2529; x_wconf 66' lang='lat' dir='ltr'>venitiens</span> <span class='ocrx_word' id='word_1_215' title='bbox 1169 2502 1207 2529; x_wconf 85' lang='lat' dir='ltr'>et</span> <span class='ocrx_word' id='word_1_216' title='bbox 1221 2495 1349 2529; x_wconf 79' lang='lat' dir='ltr'>l&#39;autre</span> <span class='ocrx_word' id='word_1_217' title='bbox 1361 2507 1426 2541; x_wconf 85' lang='lat' dir='ltr'>par</span> <span class='ocrx_word' id='word_1_218' title='bbox 1441 2494 1491 2528; x_wconf 84' lang='lat' dir='ltr'>les</span> <span class='ocrx_word' id='word_1_219' title='bbox 1504 2494 1640 2537; x_wconf 77' lang='lat' dir='ltr'>Grecs;</span> <span class='ocrx_word' id='word_1_220' title='bbox 1657 2494 1747 2527; x_wconf 84' lang='lat' dir='ltr'>mais</span> <span class='ocrx_word' id='word_1_221' title='bbox 1760 2494 1822 2540; x_wconf 89' lang='lat' dir='ltr'>qui</span> <span class='ocrx_word' id='word_1_222' title='bbox 1837 2493 2015 2528; x_wconf 73' lang='lat' dir='ltr'>n&#39;avaient</span> 
     </span>
     <span class='ocr_line' id='line_1_31' title="bbox 602 2553 2014 2600; baseline -0.001 -12"><span class='ocrx_word' id='word_1_223' title='bbox 602 2567 651 2600; x_wconf 83' lang='lat' dir='ltr'>pu</span> <span class='ocrx_word' id='word_1_224' title='bbox 671 2553 838 2588; x_wconf 81' lang='lat' dir='ltr'>ebranler</span> <span class='ocrx_word' id='word_1_225' title='bbox 860 2554 893 2588; x_wconf 87' lang='lat' dir='ltr'>la</span> <span class='ocrx_word' id='word_1_226' title='bbox 909 2554 1062 2588; x_wconf 67' lang='lat' dir='ltr'>fei-mete</span> <span class='ocrx_word' id='word_1_227' title='bbox 1086 2555 1122 2588; x_wconf 86' lang='lat' dir='ltr'>ni</span> <span class='ocrx_word' id='word_1_228' title='bbox 1146 2555 1318 2589; x_wconf 77' lang='lat' dir='ltr'>l⁷activite</span> <span class='ocrx_word' id='word_1_229' title='bbox 1341 2554 1385 2588; x_wconf 89' lang='lat' dir='ltr'>de</span> <span class='ocrx_word' id='word_1_230' title='bbox 1403 2553 1544 2588; x_wconf 86' lang='lat' dir='ltr'>Robert</span> <span class='ocrx_word' id='word_1_231' title='bbox 1567 2553 1761 2588; x_wconf 85' lang='lat' dir='ltr'>Guiscard.</span> <span class='ocrx_word' id='word_1_232' title='bbox 1783 2553 2014 2599; x_wconf 85' lang='lat' dir='ltr'>L&#39;empereur</span> 
     </span>
     <span class='ocr_line' id='line_1_32' title="bbox 604 2613 2015 2662; baseline -0.001 -15"><span class='ocrx_word' id='word_1_233' title='bbox 604 2614 756 2648; x_wconf 81' lang='lat' dir='ltr'>n&#39;arriva</span> <span class='ocrx_word' id='word_1_234' title='bbox 774 2615 856 2661; x_wconf 68' lang='lat' dir='ltr'>pres</span> <span class='ocrx_word' id='word_1_235' title='bbox 870 2613 915 2647; x_wconf 90' lang='lat' dir='ltr'>de</span> <span class='ocrx_word' id='word_1_236' title='bbox 932 2613 965 2647; x_wconf 80' lang='lat' dir='ltr'>la</span> <span class='ocrx_word' id='word_1_237' title='bbox 978 2614 1060 2648; x_wconf 82' lang='lat' dir='ltr'>ville</span> <span class='ocrx_word' id='word_1_238' title='bbox 1077 2615 1236 2661; x_wconf 75' lang='lat' dir='ltr'>assiegee</span> <span class='ocrx_word' id='word_1_239' title='bbox 1250 2626 1321 2662; x_wconf 89' lang='lat' dir='ltr'>que</span> <span class='ocrx_word' id='word_1_240' title='bbox 1336 2614 1369 2648; x_wconf 90' lang='lat' dir='ltr'>le</span> <span class='ocrx_word' id='word_1_241' title='bbox 1388 2614 1427 2648; x_wconf 82' lang='lat'>15</span> <span class='ocrx_word' id='word_1_242' title='bbox 1442 2613 1605 2648; x_wconf 84' lang='lat' dir='ltr'>octobre.</span> <span class='ocrx_word' id='word_1_243' title='bbox 1621 2613 1719 2647; x_wconf 83' lang='lat' dir='ltr'>C&#39;est</span> <span class='ocrx_word' id='word_1_244' title='bbox 1732 2614 1749 2647; x_wconf 75' lang='grc' dir='ltr'>ὲι</span> <span class='ocrx_word' id='word_1_245' title='bbox 1768 2619 1861 2647; x_wconf 82' lang='lat' dir='ltr'>cette</span> <span class='ocrx_word' id='word_1_246' title='bbox 1875 2613 2015 2659; x_wconf 78' lang='lat' dir='ltr'>epoque</span> 
     </span>
     <span class='ocr_line' id='line_1_33' title="bbox 603 2671 2014 2721; baseline -0.002 -13"><span class='ocrx_word' id='word_1_247' title='bbox 603 2674 730 2721; x_wconf 81' lang='lat' dir='ltr'>qu&#39;eut</span> <span class='ocrx_word' id='word_1_248' title='bbox 755 2673 827 2708; x_wconf 86' lang='lat' dir='ltr'>lieu</span> <span class='ocrx_word' id='word_1_249' title='bbox 857 2673 1124 2721; x_wconf 80' lang='lat' dir='ltr'>l&#39;engagement</span> <span class='ocrx_word' id='word_1_250' title='bbox 1152 2674 1280 2721; x_wconf 82' lang='lat' dir='ltr'>partiel</span> <span class='ocrx_word' id='word_1_251' title='bbox 1307 2681 1410 2709; x_wconf 86' lang='lat' dir='ltr'>entre</span> <span class='ocrx_word' id='word_1_252' title='bbox 1438 2673 1627 2708; x_wconf 84' lang='lat' dir='ltr'>Boe&#39;mond</span> <span class='ocrx_word' id='word_1_253' title='bbox 1655 2680 1691 2707; x_wconf 86' lang='lat' dir='ltr'>et</span> <span class='ocrx_word' id='word_1_254' title='bbox 1712 2672 1764 2708; x_wconf 83' lang='lat' dir='ltr'>les</span> <span class='ocrx_word' id='word_1_255' title='bbox 1783 2672 1899 2707; x_wconf 84' lang='lat' dir='ltr'>Grecs</span> <span class='ocrx_word' id='word_1_256' title='bbox 1925 2671 2014 2706; x_wconf 88' lang='lat' dir='ltr'>dont</span> 
     </span>
     <span class='ocr_line' id='line_1_34' title="bbox 605 2724 2014 2781; baseline -0.004 -12"><span class='ocrx_word' id='word_1_257' title='bbox 605 2734 703 2779; x_wconf 83' lang='lat' dir='ltr'>parle</span> <span class='ocrx_word' id='word_1_258' title='bbox 718 2741 822 2769; x_wconf 78' lang='lat' dir='ltr'>notre</span> <span class='ocrx_word' id='word_1_259' title='bbox 841 2724 980 2769; x_wconf 79' lang='lat' dir='ltr'>auteur.</span> <span class='ocrx_word' id='word_1_260' title='bbox 1005 2735 1055 2769; x_wconf 82' lang='lat' dir='ltr'>Ge</span> <span class='ocrx_word' id='word_1_261' title='bbox 1075 2736 1163 2769; x_wconf 66' lang='lat' dir='ltr'>n&#39;est</span> <span class='ocrx_word' id='word_1_262' title='bbox 1181 2748 1242 2781; x_wconf 77' lang='lat' dir='ltr'>pas</span> <span class='ocrx_word' id='word_1_263' title='bbox 1263 2735 1293 2770; x_wconf 78' lang='grc' dir='ltr'>Ιὲι</span> <span class='ocrx_word' id='word_1_264' title='bbox 1306 2763 1313 2777; x_wconf 72' lang='lat'>‚</span> <span class='ocrx_word' id='word_1_265' title='bbox 1338 2734 1426 2769; x_wconf 84' lang='lat' dir='ltr'>mais</span> <span class='ocrx_word' id='word_1_266' title='bbox 1447 2736 1464 2767; x_wconf 65' lang='lat' dir='ltr'>a</span> <span class='ocrx_word' id='word_1_267' title='bbox 1485 2733 1515 2768; x_wconf 83' lang='lat' dir='ltr'>la</span> <span class='ocrx_word' id='word_1_268' title='bbox 1538 2733 1682 2768; x_wconf 81' lang='lat' dir='ltr'>bataille</span> <span class='ocrx_word' id='word_1_269' title='bbox 1702 2733 1746 2767; x_wconf 80' lang='lat' dir='ltr'>de</span> <span class='ocrx_word' id='word_1_270' title='bbox 1766 2733 1927 2767; x_wconf 79' lang='lat' dir='ltr'>Durazzo</span> <span class='ocrx_word' id='word_1_271' title='bbox 1944 2743 2014 2778; x_wconf 83' lang='lat' dir='ltr'>que</span> 
     </span>
     <span class='ocr_line' id='line_1_35' title="bbox 604 2794 1061 2839; baseline -0.002 -11"><span class='ocrx_word' id='word_1_272' title='bbox 604 2794 635 2826; x_wconf 64' lang='lat' dir='ltr'>lc*</span> <span class='ocrx_word' id='word_1_273' title='bbox 656 2795 842 2828; x_wconf 69' lang='lat' dir='ltr'>Labarwv</span> <span class='ocrx_word' id='word_1_274' title='bbox 864 2795 914 2827; x_wconf 69' lang='lat' dir='ltr'>sut</span> <span class='ocrx_word' id='word_1_275' title='bbox 934 2794 1061 2839; x_wconf 69' lang='lat' dir='ltr'>poi-du.</span> 
     </span>
    </p>
   </div>
  </div>
 </body>
</html>
