2033 3445
81 294 216 344 [1093]
566 289 719 328 LIBER
747 289 993 327 OCTAVUS.
1404 293 1479 330 387

80 380 250 427 marito
278 378 452 425 Gallias
477 387 803 441 expetentem,
840 393 946 421 cum
969 375 1139 439 gaudio
1164 379 1364 440 suscepit
1390 381 1481 442 (1).

81 460 232 504 Porro
257 472 534 520 generosam
558 465 604 500 et
629 454 898 517 religiosam
922 454 1175 517 conjugem
1199 471 1346 511 suam,
1369 457 1487 502 Ber-

83 546 194 590 tam,
217 534 390 580 nobilis
408 532 636 579 Florentii
657 532 787 578 ducis
804 532 1081 578 Fresionnm
1103 531 1249 577 filiam
1270 535 1360 596 (2),
1383 552 1488 598 quae

83 610 371 657 Ludovicum
388 611 458 673 (3)
479 621 526 656 et
543 610 868 656 Constantiam
885 609 1020 655 enixa
1035 609 1185 655 fuerat
1204 610 1264 666 ei,
1286 610 1487 668 dimisit3

83 699 129 734 et
155 686 430 733 Bertradam
445 723 457 743 ‚
484 704 589 750 quae
625 688 722 732 sere
758 697 963 750 quatuor
987 686 1121 732 annis
1146 704 1254 733 cum
1286 687 1492 734 Fulcone

84 763 407 827 Andegavensi
428 762 669 809 demorata
689 763 840 809 suerat
862 763 933 825 (4)
947 798 958 819 ,
981 762 1067 808 sibi
1090 763 1344 826 copulavit.
1371 763 1489 821 Odo,

83 841 343 905 Bajocensis
357 841 616 904 episcopus,
631 840 750 886 hanc
762 839 1071 886 execrandam
1083 839 1496 904 desponsationem

83 919 211 973 fecit,
237 918 434 983 ideoque
456 917 586 966 dono
610 918 786 965 moechi
808 920 930 982 regis
951 936 1038 981 pro
1058 920 1496 982 recompensatione

86 997 268 1043 infausti
292 997 565 1054 famulatus,
599 997 811 1043 ecclesias
837 996 1044 1042 Madanti
1080 997 1241 1060 oppidi
1273 998 1495 1061 aliquan-

83 1071 162 1118 diu
200 1072 365 1118 habuit
402 1073 494 1137 (5).
537 1073 706 1119 Nullus
744 1073 872 1118 enim
910 1073 1204 1119 Francorum
1238 1074 1494 1136 praesulum

83 1150 392 1197 execrabilem
429 1152 836 1198 consecrationem
871 1150 1089 1215 dignatus
1114 1161 1182 1196 est
1212 1152 1389 1206 sacere3
1418 1150 1496 1196 sed

85 1228 130 1273 in
156 1228 314 1292 rigore
332 1239 506 1274 stantes
528 1228 850 1274 ecclesiastieae
879 1227 1199 1284 rectitudinis,
1227 1229 1326 1274 Deo
1350 1229 1496 1292 magis

84 1323 220 1370 quam
258 1305 439 1352 homini
473 1305 756 1352 studuerunt
790 1306 1000 1369 placere,
1039 1317 1084 1352 et
1115 1323 1278 1352 omnes
1307 1317 1496 1370 turpem

84 1384 299 1447 copulam
332 1385 623 1430 unanimiter
647 1383 861 1430 detestati
897 1395 1007 1430 sunt
1041 1384 1141 1446 pari
1179 1383 1492 1430 anathemate.

129 1608 179 1654 (1)
211 1606 383 1641 Bertrade
414 1606 520 1640 sortit
551 1606 595 1640 de
621 1605 759 1652 l’eglise
783 1605 1008 1640 Saint-Jean
1040 1605 1084 1638 de
1116 1605 1236 1639 Tours
1269 1603 1431 1650 pendant
1463 1604 1494 1638 la

83 1667 286 1701 ceremonie
304 1666 349 1701 de
367 1666 398 1700 la
416 1666 651 1700 benediction
672 1665 735 1700 des
754 1665 870 1706 sonts‚
894 1664 925 1698 le
945 1664 1079 1698 sanicdi
1102 1667 1121 1706 [4
1137 1664 1219 1709 juin
1243 1662 1351 1710 1093,
1374 1670 1410 1697 et
1429 1662 1496 1697 alla

84 1725 266 1772 rejoindre
285 1725 319 1760 le
336 1726 411 1768 roi,
432 1726 494 1773 qui
516 1725 719 1760 l'attendait
738 1727 757 1759 ἐι
775 1737 845 1771 peu
864 1724 909 1758 dc
929 1724 1102 1758 distance.

127 1784 177 1831 (2)
201 1784 328 1827 Berte,
351 1784 422 1818 fille
439 1783 483 1818 de
502 1784 654 1818 Florent
676 1784 732 1826 I“‚
758 1789 877 1817 comte
896 1782 941 1815 (le
959 1781 1158 1824 llollande,
1182 1788 1219 1815 et
1243 1781 1288 1816 de
1307 1781 1495 1816 Gertrude

83 1843 126 1878 de
145 1844 253 1886 Sue,
273 1844 330 1877 sut
349 1843 484 1877 mariee
502 1845 521 1876 a
540 1843 711 1889 Philippe
727 1843 770 1876 I“
787 1853 867 1876 vers
891 1852 989 1888 1072.

126 1903 176 1949 (5)
195 1903 490 1938 Louis—le-Gros.

116 1964 175 2008 ’(4)
196 1963 249 1997 En
272 1964 371 2009 1089.

128 2021 179 2068 (5)
203 2023 265 2058 On
292 2035 336 2057 ne
363 2023 430 2056 sait
457 2033 520 2068 pas
546 2020 656 2054 ‹Pune
681 2020 844 2054 manicre
866 2020 1005 2066 precise
1032 2032 1096 2065 par
1118 2020 1181 2065 qui
1211 2018 1266 2052 fut
1290 2018 1432 2053 celebre
1455 2031 1495 2052 ce

83 2082 251 2129 mariage.
278 2082 428 2117 Suivant
449 2080 662 2116 Guillaume
681 2079 726 2113 de
745 2078 1006 2125 Malmesbury,
1037 2078 1187 2124 ‹jani-ait
1214 2079 1271 2111 ete
1295 2090 1359 2124 par
1383 2077 1494 2112 Guil-

83 2138 199 2173 laume
216 2140 339 2174 Bonne
359 2142 469 2181 Ame,
492 2138 716 2184 arclieveque
734 2137 779 2171 de
797 2137 926 2171 Rouen
938 2164 947 2179 ,
966 2143 1002 2170 et
1020 2143 1113 2171 cette
1131 2136 1376 2169 cii-constance
1394 2136 1495 2170 soni·-

83 2198 193 2232 nirait
222 2198 465 2245 l'explication
499 2197 544 2231 de
573 2197 605 2230 la
637 2197 849 2242 suspension
881 2198 900 2229 a
932 2195 1086 2243 laquelle
1118 2195 1143 2229 il
1174 2194 1230 2228 sut
1264 2195 1399 2228 soumis
1429 2206 1493 2240 pai·

85 2257 204 2293 Pascal
232 2259 279 2292 ll.
311 2260 416 2293 Cette
445 2258 604 2292 solution
634 2257 742 2291 serait
770 2256 1026 2302 parl'aitcment
1053 2255 1291 2289 satissaisante
1315 2267 1359 2288 en
1390 2254 1491 2295 effet,

86 2318 165 2352 saus
176 2319 209 2353 le
223 2318 309 2365 long
326 2318 514 2353 interi-alle
530 2318 592 2365 qui
611 2329 646 2350 se
664 2317 772 2350 serait
788 2315 913 2350 ecoule
929 2323 1031 2349 entre
1045 2315 1076 2349 la
1094 2315 1191 2349 sante
1205 2322 1241 2349 et
1254 2314 1286 2349 la
1302 2315 1489 2361 punition,

87 2383 122 2410 et
139 2377 198 2424 qui
219 2377 374 2411 n'anrait
394 2379 450 2411 ἐμὲ
471 2376 674 2410 nullement
692 2375 781 2408 dans
798 2375 848 2408 les
871 2374 1066 2408 habitudes
1088 2374 1132 2408 dc
1154 2374 1187 2408 la
1207 2385 1296 2408 cour
1315 2374 1360 2408 de
1378 2374 1494 2408 Rome

88 2437 106 2468 ἐι
120 2443 212 2471 cette
226 2438 380 2484 epoque.
400 2439 456 2471 Au
475 2443 586 2478 reste,
608 2435 632 2469 il
650 2436 741 2469 n⁷est
757 2446 818 2480 pas
835 2434 916 2480 plus
933 2434 1036 2468 facile
1054 2433 1099 2468 de
1115 2434 1334 2481 s’expliquer
1348 2434 1494 2468 l’indul-

92 2505 200 2541 gence
217 2496 267 2530 du
286 2509 376 2543 pape
394 2509 519 2531 envers
536 2496 696 2542 l'e'veque
711 2494 755 2528 de
770 2495 928 2539 Baveux,
950 2495 978 2527 si
998 2494 1083 2528 c’est
1100 2494 1151 2528 lui
1173 2495 1233 2541 qui
1251 2494 1340 2528 etait
1356 2494 1389 2527 le
1408 2505 1496 2527 con-

90 2553 206 2599 pable.
234 2556 324 2590 Mais
352 2555 493 2590 Urbain
523 2556 576 2597 11,
609 2554 697 2589 dans
726 2566 798 2588 une
821 2553 927 2587 lettre
952 2555 971 2587 a
995 2553 1170 2597 Renaud,
1199 2553 1424 2600 archeveque
1450 2553 1494 2587 dc

91 2611 231 2657 Reims,
253 2615 389 2662 signale
406 2627 445 2649 ce
464 2615 623 2660 mariage
642 2626 782 2648 comme
801 2626 835 2647 ax
846 2620 907 2647 ant
924 2615 981 2647 ete
999 2613 1083 2648 beni
1100 2626 1165 2660 par
1182 2613 1317 2647 Ursion
1329 2641 1338 2655 ‚
1360 2614 1495 2659 evequc

92 2670 135 2705 de
159 2672 287 2706 Senlis.
313 2673 410 2707 Dans
435 2686 474 2707 ce
501 2685 576 2715 cas,
606 2686 651 2707 on
679 2674 845 2719 pourrait
871 2683 1046 2718 supposes
1074 2684 1144 2719 que
1172 2672 1421 2718 l'arclievequc
1451 2671 1495 2704 de

92 2728 219 2775 Rouen
238 2740 275 2766 (vt
291 2733 450 2780 Fereque
465 2733 510 2767 de
527 2734 665 2779 Bnyeux
682 2733 730 2766 11ιί
747 2733 912 2767 aui—aient
927 2731 1127 2766 seulement
1143 2732 1264 2765 donne
1282 2731 1314 2765 la
1332 2732 1494 2765 sanction

91 2789 135 2824 de
152 2790 231 2826 leur
248 2794 427 2838 presence.
