2033 3445
555 325 705 363 LIBER
734 323 938 362 SEXTUS.
1374 330 1387 362 1
1404 326 1447 363 15

240 415 401 450 Ecclesiae
414 413 504 447 natis
518 409 619 445 dedit
633 407 838 455 exemplum
855 407 1040 441 bonitatis.

234 474 397 519 Denique
414 468 611 505 Jerusalem
627 467 841 514 peregrinus
859 478 1012 513 pergere
1031 467 1152 513 coepit.

233 533 277 566 In
293 531 413 576 Cypro
429 529 506 562 vitae
524 527 632 561 finem
649 525 907 572 tumulumque
925 525 1074 571 recepit.

233 589 371 624 Ultima
387 586 478 622 vidit
493 598 577 621 eum
593 584 759 635 quintilis
778 585 826 630 (1)
849 584 909 618 lux
929 584 1164 627 morientem,

231 649 350 694 Quem
366 648 484 681 foveat
503 646 670 682 Christus
690 645 803 691 patris
820 645 857 678 in
877 643 1037 678 thalamo
1055 644 1286 678 renitentem.

115 736 352 783 Uticenses
368 732 585 780 monachi
605 749 775 796 corpus
797 732 990 795 patroni
1011 732 1078 777 sui
1099 749 1194 778 non
1214 748 1261 778 se
1281 730 1451 778 habere

50 812 325 869 doluerunt,
352 821 398 858 et
422 808 661 875 quomodo
684 809 770 855 sibi
805 807 1082 855 redderetur
1109 808 1270 855 multis
1299 807 1449 855 modis

49 890 358 955 quaesierunt,
384 904 469 934 nec
500 885 649 933 adhuc
685 887 939 950 impetrare
977 886 1346 950 praevaluerunt.
1388 885 1451 931 Et

49 966 272 1031 quoniam
288 975 441 1011 totum
459 962 738 1010 desiderium
757 980 892 1009 suum
910 979 1050 1026 super
1065 961 1150 1009 hac
1168 980 1220 1009 re
1237 962 1450 1009 nondum

50 1042 385 1106 impleverunt,
406 1041 503 1104 jam
526 1040 682 1103 plures
707 1039 926 1104 reliquias
949 1038 1141 1086 diversis
1163 1038 1318 1086 modis
1342 1055 1453 1102 pro·

49 1128 357 1173 curaverunt,
403 1117 634 1182 variisque
675 1116 965 1180 temporibus
1007 1118 1190 1163 favente
1229 1117 1327 1162 Deo
1373 1132 1449 1162 re-

47 1194 302 1243 duxerunt.

110 1273 255 1320 Fulco
272 1309 285 1329 ‚
321 1272 600 1336 praepositus
636 1270 868 1317 Uticensis
901 1269 1105 1316 ecclesiae
1119 1305 1130 1325 ,
1172 1270 1252 1333 qui
1291 1280 1450 1333 postea

47 1351 258 1397 Divensis
291 1348 433 1394 abbas
468 1350 613 1394 sactus
650 1358 718 1393 est
733 1383 746 1403 ,
787 1365 809 1392 a
851 1346 1107 1393 Guillelmo
1145 1345 1305 1393 Notho
1339 1363 1450 1411 rege

50 1427 317 1491 Anglorum
336 1425 391 1472 ad
411 1427 598 1472 Bertam
622 1424 904 1471 comitissam
928 1425 998 1486 (a.)
1022 1440 1111 1486 pro
1134 1423 1328 1486 privatis
1350 1440 1453 1469 cau-

47 1505 106 1550 sis
132 1505 179 1550 in
203 1503 410 1567 Brigiam
432 1504 503 1565 (3)
528 1502 692 1547 missus
715 1512 798 1547 est.
827 1501 961 1546 Tunc
985 1517 1070 1564 per
1094 1499 1343 1564 quemdam
1372 1518 1453 1546 ca-

45 1581 283 1644 pellanum
338 1580 586 1626 comitissae
642 1581 663 1641 (
680 1595 820 1643 quem
873 1578 1064 1624 natione
1119 1577 1450 1624 Normannum

44 1657 323 1721 cognovit),
345 1656 451 1720 quia
483 1655 722 1701 familiaris
745 1655 950 1702 ecclesiae
984 1653 1285 1701 Resbacensis
1321 1664 1446 1709 erat,

44 1734 230 1782 dentem
248 1734 391 1781 sancti
412 1733 599 1779 Ebrulfi
618 1733 846 1789 obtinuit,
871 1751 923 1779 ac
943 1732 1000 1778 ad
1018 1732 1287 1779 Uticensem
1306 1732 1450 1779 eccle-

43 1812 158 1858 siam
182 1828 393 1858 remeans
415 1810 724 1874 gaudentibus
748 1811 927 1857 cunctis
948 1810 1122 1855 attulit.

107 1889 295 1951 [1133-1
315 1888 440 1951 137.]
467 1888 712 1951 Regnante
736 1886 974 1934 Ludovico
1001 1904 1110 1951 rege
1136 1890 1225 1949 (4),
1256 1889 1449 1952 quidam

44 1966 294 2012 canonicus
316 1966 512 2012 nomine
530 1963 780 2012 Fulbertus
799 1964 998 2011 Parisius
1018 1976 1141 2020 erat,
1164 1969 1243 2029 qui
1263 1982 1313 2012 os
1333 1966 1449 2012 inte-

43 2060 182 2106 grum
197 2042 254 2088 de
273 2043 403 2106 spina
426 2043 472 2088 S.
493 2041 677 2088 Ebrulfi
704 2041 926 2097 habebat,
950 2041 1076 2107 quod
1102 2042 1367 2106 capellanus
1389 2042 1446 2089 de

42 2119 167 2182 capel
177 2119 214 2165 la
227 2120 417 2165 Henrici
430 2119 551 2183 regis
562 2119 852 2166 Francorum
865 2119 1176 2176 subtraxerat,
1191 2120 1447 2185 eiquejam-

85 2279 134 2323 (i)
157 2279 207 2313 Ce
224 2278 278 2313 sut
298 2279 506 2313 reellement
526 2279 558 2313 le
582 2287 622 2313 1er
637 2280 741 2321 aout,
767 2291 907 2313 comme
926 2286 1030 2314 notre
1048 2286 1179 2314 auteur
1196 2281 1293 2315 vient
1314 2293 1445 2316 encore

41 2337 86 2371 de
104 2337 135 2372 le
151 2338 247 2381 dire,
268 2346 303 2372 et
321 2351 391 2372 non
413 2338 444 2373 le
461 2338 500 2373 31
521 2339 662 2384 juillet,
682 2351 752 2386 que
771 2346 918 2373 mourut
937 2339 970 2373 le
987 2340 1082 2373 saint
1099 2338 1203 2374 abbe.

86 2397 135 2441 (2)
153 2396 251 2430 Nous
270 2409 315 2431 ne
334 2408 494 2443 pouvons
512 2398 629 2432 croire
649 2410 720 2445 que
737 2404 840 2432 notre
859 2405 987 2432 auteur
1001 2400 1050 2432 ait
1067 2398 1176 2432 voulu
1197 2398 1317 2445 parler
1336 2400 1381 2433 ici
1401 2399 1445 2434 de

42 2454 145 2489 Berte
172 2455 216 2490 de
240 2456 493 2502 Champagnc,
521 2457 669 2491 d⁷abord
694 2457 870 2491 duchesse
890 2456 934 2491 de
953 2457 1148 2504 Bretagne,
1170 2458 1251 2504 puis
1272 2465 1445 2493 comte-sse

42 2513 90 2547 du
109 2515 238 2549 Maine.
263 2516 384 2562 Yoyez
402 2516 592 2558 ci-deSfflw,
616 2524 711 2551 tome
726 2518 779 2559 II,
804 2530 837 2563 p.
858 2516 938 2563 593.
957 2517 1055 2551 Nous
1072 2518 1211 2551 aimons
1226 2518 1347 2552 mieux
1363 2530 1445 2565 sup·

42 2585 145 2619 posen·
163 2574 250 2621 qu’il
274 2587 359 2609 aura
384 2588 426 2610 eu
455 2589 498 2610 en
524 2589 591 2611 vue
612 2576 820 2618 Gcrsende,
851 2576 920 2610 fillo
941 2568 1441 2620 ‹l'Herbert-Eveille-Chion‚

41 2639 158 2668 comte
174 2633 224 2668 du
241 2635 378 2675 Maine,
398 2635 612 2671 belle-soeur
629 2637 673 2671 dc
690 2637 795 2670 Berte
811 2648 875 2683 par
894 2647 955 2670 son
972 2637 1132 2683 mariage
1148 2649 1231 2670 avec
1249 2637 1440 2679 Thibaud,

42 2698 158 2726 comte
181 2691 225 2726 de
245 2692 497 2741 Champagne,
520 2698 602 2741 puis
624 2694 796 2742 repudiec
820 2707 884 2740 par
907 2707 946 2729 cc
971 2694 1152 2740 seigneur,
1175 2702 1211 2729 et
1232 2696 1406 2729 remariec
1424 2699 1439 2727 i«

42 2753 179 2793 Azzon,
200 2754 358 2799 marquis
376 2753 420 2786 dc
441 2754 599 2800 Ligurio.

86 2809 137 2853 (5)
159 2811 202 2845 La
221 2811 317 2846 Bric.

86 2869 134 2911 (4)
155 2868 258 2902 [ouis
281 2870 348 2911 Vl,
371 2870 421 2904 dit
444 2871 474 2903 le
493 2872 589 2905 Gra<
608 2870 648 2915 (3
667 2871 746 2905 aori!
777 2870 928 2905 1108-102
955 2870 1037 2903 :mut
1065 2868 1148 2917 ¹¹37
1172 2896 1178 2902 .
