2085 3455
621 344 697 383 476
983 345 1224 383 HISTORIA
1256 345 1656 383 ECCLESIASTICA.
1736 348 1877 394 [imme
1900 350 2017 400 1096]

615 431 861 495 oppidanis
882 433 980 496 regi
1001 431 1254 495 parebant,
1284 432 1443 495 eique,
1467 432 1575 495 quia
1598 431 1873 478 metuendus
1893 445 2014 493 erat,

618 510 725 555 iotis
760 509 936 555 nisibus
968 508 1288 555 adhaerebant.
1329 509 1403 554 Sic
1439 509 1728 555 Normannia
1768 510 1858 555 suis
1889 511 1935 556 in
1971 528 2016 557 se

616 585 722 632 filiis
741 587 1005 633 furentibus
1023 586 1356 632 miserabiliter
1372 585 1557 632 turbata
1577 597 1665 642 est,
1687 597 1732 632 et
1745 585 1877 649 plebs
1896 587 2018 633 iner-

614 665 703 710 mis
721 666 819 710 sine
842 676 1045 728 patrono
1064 663 1268 710 desolata
1293 674 1376 710 est.

678 743 893 806 Denique
908 742 1077 787 talibus
1099 743 1386 798 infortunii&
1403 739 1671 787 Rodbertus
1684 740 1795 797 dux,
1813 757 2020 804 perspec-

614 819 671 864 tis
689 819 853 864 anxius
865 855 876 875 ‚
899 830 943 864 et
963 818 1113 864 adhue
1131 820 1290 882 pejora
1304 817 1578 874 formidans,
1600 828 1651 863 ut
1665 828 1777 881 pote
1792 816 1850 862 ab
1866 820 2019 865 omni-

612 894 698 940 bus
729 911 849 958 pene
881 894 1152 952 destitutus,
1189 895 1385 941 consilio
1420 893 1735 958 quorumdam
1777 894 2021 957 religioso-

613 989 746 1028 rum,
769 971 978 1018 decrevit
1006 983 1183 1017 terram
1215 990 1344 1017 suam
1365 972 1498 1018 fratri
1523 989 1605 1018 suo
1636 973 1734 1034 regi
1757 971 2017 1029 dimittere;

613 1061 658 1095 et
691 1067 829 1096 cruce
851 1050 1045 1096 Domini
1079 1061 1261 1113 sumpta
1278 1086 1290 1106 ‚
1317 1067 1408 1113 pro
1429 1050 1628 1113 peccatis
1654 1050 1745 1095 suis
1765 1050 1863 1095 Deo
1887 1050 2020 1095 satis-

611 1127 842 1182 facturus,
876 1127 923 1173 in
949 1128 1209 1173 Jerusalem
1238 1144 1454 1192 pergere.
1482 1127 1618 1187 Quod
1647 1144 1731 1173 rex
1757 1126 2019 1190 Anglorum

613 1214 664 1248 ut
690 1205 949 1268 comperit,
976 1204 1111 1250 valde
1146 1206 1351 1269 gavisus,
1375 1205 1624 1252 consilium
1648 1203 1877 1261 laudavit,
1903 1203 2019 1250 Nor-

611 1282 852 1327 manniam
875 1299 1021 1346 usque
1044 1281 1100 1328 ad
1126 1283 1337 1346 quinque
1359 1299 1507 1328 annos
1532 1292 1799 1328 servaturus
1816 1281 2018 1344 recepit,

610 1359 840 1424 'fratrique
877 1377 987 1416 suo,
1023 1360 1080 1405 ad
1105 1361 1230 1405 viam
1259 1361 1453 1406 Domini
1484 1358 1828 1424 peragendam,
1861 1357 2020 1404 decem

613 1436 760 1482 millia
786 1455 970 1484 marcos
994 1439 1178 1502 argenti
1205 1438 1420 1503 erogavit
1440 1439 1528 1501 (1).

677 1515 758 1561 IV.
785 1515 1005 1561 Urbanus
1028 1516 1148 1579 Papa
1174 1517 1222 1561 in
1246 1517 1457 1581 sequenti
1481 1516 1840 1580 Quadragesima
1863 1517 2022 1562 Turo—

613 1593 685 1638 nis
705 1592 832 1638 aliud
852 1593 1109 1639 concilium
1134 1595 1312 1650 tenuit,
1342 1606 1389 1640 et
1413 1611 1487 1650 ea,
1515 1593 1638 1640 unde
1660 1594 1783 1657 apud
1807 1594 2025 1640 Clarum-

613 1680 828 1716 montem
849 1681 1153 1727 tractaverat,
1177 1670 1492 1718 confirmavit.
1518 1673 1571 1716 In
1591 1670 1747 1717 medio
1765 1665 2026 1734 Quadrage-

614 1748 743 1793 simae
766 1747 1010 1794 basilicam
1028 1749 1175 1794 sancti
1200 1748 1382 1795 Nicolai
1413 1747 1677 1812 Andegavis
1697 1747 1953 1805 dedicavit,
1982 1758 2027 1793 et

612 1825 870 1889 privilegiis
905 1825 1178 1888 apostolicis
1215 1824 1486 1872 honoravit.
1520 1824 1797 1871 Goifredum
1824 1825 2026 1871 Marte!-

662 2001 780 2036 Raoul
799 2001 843 2036 de
861 2002 1046 2044 Conches,
1068 2003 1258 2038 deuxieme
1275 2003 1325 2037 du
1343 2015 1448 2045 nom,
1470 2003 1534 2050 qui
1551 2010 1702 2037 mourut
1720 2016 1766 2038 en
1789 2017 1800 2037 1
1812 2015 1886 2038 102.

662 2061 821 2105 Robert‚
845 2069 963 2097 comte
984 2062 1029 2098 de
1049 2063 1217 2106 Meulan,
1237 2063 1424 2098 troisieme
1444 2062 1494 2097 du
1513 2075 1619 2106 nom,
1642 2063 1697 2098 dit
1715 2063 1749 2098 le
1768 2063 2025 2099 Prud’homme

614 2120 766 2165 (1082-:3
782 2121 866 2166 juin
888 2120 1009 2167 1118).

661 2179 818 2214 Gautier
842 2178 1003 2222 Giffard,
1033 2180 1223 2215 deuxieme
1250 2180 1301 2214 du
1326 2192 1433 2223 nom,
1462 2188 1580 2215 comte
1610 2180 1655 2216 de
1683 2181 1938 2228 Longueville,
1965 2182 2025 2228 qui

618 2245 768 2272 mourut
787 2250 831 2272 en
854 2250 953 2272 1102.

662 2298 846 2345 philippe,
865 2299 1035 2345 seigneur
1048 2298 1092 2333 de
1106 2299 1257 2334 Briouse
1271 2299 1431 2343 (Ome),
1449 2299 1503 2333 fils
1518 2298 1564 2334 de
1577 2299 1790 2344 Guillaume
1804 2300 1850 2334 de
1865 2300 2023 2337 Briouse,

617 2358 709 2392 dont
726 2369 772 2392 on
793 2357 944 2404 possede
961 2358 1143 2404 plusieurs
1160 2359 1305 2393 chartes
1324 2371 1369 2393 en
1385 2359 1510 2394 faveur
1527 2359 1573 2394 de
1590 2359 1862 2394 Saint-Florent
1881 2359 1926 2394 de
1941 2359 2027 2394 San-v

620 2430 714 2460 mur,
738 2424 775 2451 et
794 2419 857 2464 qui
877 2418 1002 2452 assista
1021 2420 1041 2452 a
1060 2418 1093 2452 la
1113 2418 1259 2452 bataille
1279 2418 1502 2466 d’Hastings.

664 2476 829 2511 Richard
858 2477 903 2511 de
931 2478 1066 2512 Courci
1097 2477 1324 2523 (Calvados).
1360 2479 1505 2525 Voyez,
1538 2489 1600 2512 sur
1629 2491 1668 2513 ce
1697 2491 1942 2526 personnage,
1976 2479 2025 2514 ci—

619 2536 762 2578 dessus,
788 2548 824 2582 p.
846 2534 927 2570 361.

665 2596 714 2640 (1)
736 2595 787 2629 Ce
806 2595 863 2629 fut
882 2608 927 2630 en
947 2596 1029 2631 effet
1049 2596 1083 2631 le
1104 2596 1231 2631 chiffre
1250 2609 1321 2644 que
1340 2596 1483 2631 Robert
1502 2596 1680 2631 demanda
1701 2599 1720 2630 a
1739 2608 1802 2631 son
1828 2597 1941 2640 frere,
1965 2596 2025 2643 qui

620 2654 670 2689 lui
709 2663 861 2701 apporta
876 2684 885 2697 ,
927 2668 971 2690 au
1011 2657 1103 2691 mois
1141 2657 1186 2691 de
1221 2656 1444 2704 septembre,
1482 2656 1515 2691 la
1550 2668 1688 2691 somme
1724 2657 1948 2703 equivalente
1983 2655 2025 2689 de

618 2713 725 2753 6,666
754 2714 860 2748 lin-es
888 2714 1066 2762 d'argent.
1092 2717 1193 2750 Nous
1221 2728 1369 2751 verrons
1396 2716 1477 2762 plus
1510 2715 1612 2759 tax-d,
1646 2728 1709 2761 par
1737 2716 1785 2750 les
1809 2715 1937 2750 de'tails
1958 2726 2025 2761 que

622 2781 725 2808 notre
744 2781 873 2809 auteur
891 2787 982 2808 nous
1001 2775 1163 2810 (lonnera
1182 2789 1243 2810 sur
1264 2776 1313 2810 les
1336 2788 1483 2821 movens
1503 2776 1684 2822 employes
1706 2787 1800 2822 pour
1819 2773 2025 2810 rassembler

620 2840 712 2868 cette
732 2847 886 2874 somme,
911 2847 982 2881 que
1001 2848 1062 2869 son
1083 2837 1345 2882 acquittement
1365 2848 1408 2869 nc
1428 2836 1493 2869 dut
1517 2848 1576 2881 pas
1599 2848 1722 2870 causer
1743 2848 1791 2869 un
1815 2834 1927 2879 grand
1948 2832 2023 2866 vido

619 2893 705 2929 flans
729 2894 758 2928 lo
780 2898 896 2930 trbsm-
917 2895 964 2929 du
989 2907 1201 2941 monarqmn
