2085 3455
592 283 668 321 415
956 282 1200 320 HISTORIA
1232 281 1635 320 ECCLEs‘IAsTICA.
1857 284 1996 335 [1094]

593 385 684 434 que
711 370 833 415 circa
859 369 1175 417 Alencionem
1189 404 1202 426 ‚
1235 385 1321 432 per
1355 379 1449 415 tres
1473 385 1681 425 menses,
1707 368 1999 431 provinciam

592 445 864 492 devastavit,
894 446 1148 501 Henriczw,
1182 445 1425 491 Guillelmi
1450 445 1637 508 Magni,
1670 444 1792 509 regis
1815 443 2000 508 Anglo-

592 540 724 579 rum,
747 522 870 568 filius
882 558 894 579 ,
915 523 1229 568 Danfrontem
1249 519 1516 584 possidebat
1535 521 1605 583 (Ι)
1620 557 1631 577 ,
1654 531 1700 566 et
1719 537 1859 583 super
1872 519 2002 567 Rod-

595 599 805 657 bertum,
828 599 901 644 cui
923 599 1172 661 praefatum
1190 598 1434 645 castellum
1458 597 1740 656 abstulerat,
1767 598 1914 644 immo
1931 615 2004 645 su-

592 693 678 739 per
700 677 868 722 {ratres
891 692 996 721 suos
1022 695 1032 720 :
1061 692 1222 738 regem
1247 686 1294 722 et
1316 675 1507 732 ducem,
1536 691 1757 738 guerram
1780 673 2001 732 faciebat,

591 772 613 798 a
638 753 807 818 quibus
832 753 1035 799 extorris
1060 751 1117 797 de
1146 753 1317 815 cespite
1339 763 1540 815 paterno
1563 752 1782 815 expulsus
1803 753 1973 798 fuerat.

655 833 707 876 Iu
735 830 872 875 initio
891 829 1063 875 mensis
1077 829 1201 892 julii,
1225 829 1493 876 Rodbertus
1511 829 1774 876 Geroianus
1802 846 1912 876 cum
1935 830 2008 875 fa-
2070 820 2073 827 ¹

592 908 722 953 milia
754 907 973 962 Henrici,
1006 906 1202 970 aliisque
1234 906 1720 970 commanipularibus
1748 907 1840 952 suis
1863 923 2010 970 expe-

591 984 824 1030 ditionem
850 983 982 1038 fecit,
1019 993 1065 1028 et
1095 983 1277 1046 ingenti
1304 983 1463 1046 praeda
1486 982 1698 1046 direpta,
1726 982 1880 1030 hostes
1904 1000 2008 1030 cum

593 1062 740 1125 copiis
770 1062 862 1107 suis
893 1062 1113 1107 insectari
1145 1062 1311 1124 coepit.
1340 1061 1552 1125 Cumque
1584 1061 1846 1108 Geroianus
1876 1061 2011 1107 auxi-

594 1140 753 1186 liarios
773 1156 880 1185 suos
900 1138 957 1184 ad
977 1157 1056 1184 sua
1075 1149 1385 1202 properantes
1404 1138 1708 1196 conduceret,
1729 1149 1776 1184 et
1796 1138 2012 1185 alacriter

594 1216 946 1264 confabulando
968 1234 1077 1263 cum
1095 1217 1219 1263 notis
1236 1227 1282 1262 et
1305 1217 1491 1273 amicis,
1515 1217 1704 1280 longius
1724 1217 1837 1274 iret,
1858 1214 2013 1261 subito

596 1312 764 1342 rumor
786 1305 919 1341 ortus
938 1305 1032 1352 est,
1053 1293 1182 1358 quod
1201 1294 1380 1340 occisus
1401 1305 1534 1341 esset.
1559 1295 1676 1341 Mox
1694 1293 1834 1341 dolor
1852 1294 2015 1358 ingens

596 1390 760 1420 omnes
791 1373 1021 1436 perculit,
1055 1383 1102 1418 et
1133 1372 1362 1418 terribilis
1389 1372 1569 1419 clamor
1595 1372 1645 1419 in
1671 1382 1824 1419 castro
1850 1388 2016 1435 perso·
2051 1409 2053 1411 .

599 1452 720 1498 nuit.
755 1450 1020 1498 Castrenses
1054 1450 1410 1514 expalluerunt,
1441 1460 1490 1496 et
1519 1466 1662 1497 omne
1686 1449 1940 1496 consilium
1964 1466 2016 1495 ac

599 1529 737 1575 virile
772 1528 924 1575 robur
958 1529 1234 1575 amiserunt.
1272 1528 1485 1591 Paganus
1522 1529 1678 1592 itaque
1712 1526 1770 1574 de
1805 1525 2017 1574 Mondu-

601 1607 698 1653 blel
724 1607 818 1669 (2),
844 1617 890 1652 et
908 1606 1061 1652 Rotro
1085 1605 1142 1651 de
1161 1605 1441 1652 Monteforti
1463 1605 1551 1668 (ὅ),
1574 1605 1748 1670 aliique
1770 1605 2019 1651 muniones

605 1684 745 1731 castri
770 1682 1074 1742 desecerunt3
1103 1700 1180 1740 ac,
1208 1692 1261 1728 ut
1300 1682 1582 1728 Belesmensi
1621 1682 1860 1739 faverent,
1902 1682 2022 1728 sicut

606 1761 800 1827 quidam
828 1762 1013 1819 serunt,
1047 1761 1237 1807 nemine
1266 1769 1466 1824 cogente
1495 1770 1698 1806 castrum
1728 1759 1827 1805 sine
1857 1757 2024 1805 desen-

607 1857 713 1888 sore
736 1839 1062 1886 deseruerunt.
1094 1837 1395 1902 Radegundis
1425 1848 1580 1884 autem
1612 1854 1752 1895 uxor,
1787 1847 1884 1883 tam
1910 1835 2023 1883 diris

611 2051 687 2099 pris
702 2062 742 2085 ce
760 2061 845 2084 nom
864 2048 914 2082 du
930 2048 1102 2094 seigneur
1117 2046 1208 2081 dont
1227 2053 1332 2081 notre
1349 2053 1480 2081 auteur
1497 2046 1596 2093 parle
1614 2047 1681 2090 ici,
1701 2058 1749 2081 ou
1765 2046 1810 2081 de
1826 2046 2025 2094 quelqu'un

613 2112 660 2146 de
687 2123 741 2146 ses
764 2108 1041 2156 predecesseurs
1064 2108 1316 2153 homonymes.
1340 2106 1371 2140 Il
1394 2106 1471 2141 faut
1493 2118 1529 2141 se
1555 2106 1686 2154 garder
1702 2106 1748 2141 de
1765 2106 1965 2142 confondre
1987 2118 2026 2141 ce

613 2172 688 2206 lieu
712 2181 796 2205 avec
820 2167 1190 2210 Silli-en-Gouffern‚
1216 2167 1280 2214 qui
1303 2166 1423 2202 devait
1445 2167 1656 2214 appartenir
1679 2169 1698 2201 a
1716 2166 1874 2215 quelque
1897 2167 1969 2202 ami
1991 2172 2027 2201 et

615 2231 725 2267 vass-al
743 2230 789 2265 de
807 2230 949 2265 Robert
966 2228 1011 2263 de
1032 2227 1204 2263 Belleme.

662 2293 712 2337 (ι)
731 2290 870 2336 Depuis
893 2299 979 2336 1092
990 2316 998 2332 ,
1021 2300 1162 2323 comme
1179 2299 1271 2322 nous
1287 2298 1424 2325 venons
1440 2286 1486 2321 de
1501 2286 1534 2321 le
1550 2287 1640 2322 voir.

662 2355 714 2396 (2)
736 2349 1044 2393 Montdoubleau‚
1069 2348 1379 2383 arrondissement
1399 2347 1444 2382 de
1462 2346 1669 2383 Vendome.
1690 2348 1742 2384 Ce
1760 2347 1851 2390 lieu,
1875 2347 1938 2395 qui
1961 2347 2027 2384 fai·
2074 2356 2075 2393 ζ

615 2411 683 2446 sait
705 2409 879 2445 autrefois
902 2408 1019 2455 partie
1039 2407 1089 2442 du
1113 2408 1252 2449 alaine,
1275 2405 1355 2441 doit
1373 2417 1438 2440 son
1456 2418 1605 2441 surnom
1626 2408 1646 2441 a
1666 2407 1801 2453 Hugue
1819 2407 2026 2450 Doubleau,
2074 2418 2076 2441 ;

616 2469 785 2517 petit-fils
809 2468 854 2502 dc
882 2467 1048 2515 Foquue
1072 2466 1206 2508 Nersa,
1232 2465 1297 2513 qui
1322 2465 1378 2500 fut
1400 2464 1434 2498 la
1458 2465 1534 2512 tige
1558 2464 1602 2499 de
1628 2477 1681 2500 ses
1704 2465 1904 2512 seigneurs.
1929 2466 2029 2501 Nous
2073 2465 2076 2497 t

615 2541 752 2565 venons
770 2528 816 2563 de
835 2529 914 2563 voir
933 2528 1071 2574 figurer
1088 2527 1209 2573 Payen
1227 2525 1273 2559 de
1292 2524 1582 2559 Montdoubleau
1600 2524 1797 2569 ci-dessus,
1819 2538 1856 2572 p.
1876 2525 1961 2574 296,
1983 2526 2030 2561 οὺ
2073 2527 2076 2579 J

616 2597 724 2627 notre
745 2596 876 2624 auteur
893 2601 912 2622 a
931 2588 1054 2622 mieux
1073 2587 1164 2621 ecrit
1181 2598 1222 2620 ce
1239 2597 1325 2620 nom
1345 2600 1351 2618 :
1371 2585 1482 2619 Mons
1499 2584 1680 2619 Dublells.

664 2649 717 2695 (3)
738 2647 1156 2690 Montfort-le-Rotrou‚
1177 2645 1491 2681 arrondissement
1507 2643 1557 2678 du
1576 2644 1692 2679 Mans.
1716 2644 1822 2680 Cette
1839 2656 2030 2679 commune

616 2723 635 2745 a
654 2709 726 2744 tire¹
748 2720 813 2743 son
840 2719 989 2741 surnom
1014 2705 1059 2740 de
1081 2705 1242 2749 Rotrou‚
1268 2703 1454 2739 troisieme
1473 2703 1528 2737 fils
1547 2702 1592 2737 de
1610 2703 1750 2739 Rotrou
1768 2703 1824 2747 ΙΝ,
1847 2709 1964 2738 comte
1982 2701 2029 2737 du
2073 2747 2075 2758 ,

615 2769 774 2811 Pcrche,
797 2768 873 2802 Fun
893 2766 955 2801 dos
974 2766 1182 2801 devancicrs
1201 2765 1244 2799 de
1264 2764 1356 2799 celui
1376 2763 1440 2811 qui
1459 2763 1574 2809 figure
1595 2763 1653 2797 ici.
