<?xml version="1.0" encoding="UTF-8"?>
<!DOCTYPE html PUBLIC "-//W3C//DTD XHTML 1.0 Transitional//EN"
    "http://www.w3.org/TR/xhtml1/DTD/xhtml1-transitional.dtd">
<html xmlns="http://www.w3.org/1999/xhtml" xml:lang="en" lang="en">
 <head>
  <title>
</title>
<meta http-equiv="Content-Type" content="text/html;charset=utf-8" />
  <meta name='ocr-system' content='tesseract 3.04.00' />
  <meta name='ocr-capabilities' content='ocr_page ocr_carea ocr_par ocr_line ocrx_word'/>
</head>
<body>
  <div class='ocr_page' id='page_1' title='image "./ordericivitalish03ordeuoft/ordericivitalish03ordeuoft_0530.png"; bbox 0 0 2085 3455; ppageno 0'>
   <div class='ocr_carea' id='block_1_1' title="bbox 607 313 1645 352">
    <p class='ocr_par' dir='ltr' id='par_1_1' title="bbox 607 313 1645 352">
     <span class='ocr_line' id='line_1_1' title="bbox 607 313 1645 352; baseline -0.001 0"><span class='ocrx_word' id='word_1_1' title='bbox 607 315 684 352; x_wconf 74' lang='lat'>424</span> <span class='ocrx_word' id='word_1_2' title='bbox 973 313 1213 352; x_wconf 83' lang='lat' dir='ltr'><strong>HISTORIA</strong></span> <span class='ocrx_word' id='word_1_3' title='bbox 1245 313 1645 351; x_wconf 77' lang='lat' dir='ltr'><strong>ECCLESIASTICA.</strong></span> 
     </span>
    </p>
   </div>
   <div class='ocr_carea' id='block_1_2' title="bbox 601 400 2029 1860">
    <p class='ocr_par' dir='ltr' id='par_1_2' title="bbox 606 400 2029 542">
     <span class='ocr_line' id='line_1_2' title="bbox 608 400 2029 461; baseline 0.001 -14"><span class='ocrx_word' id='word_1_4' title='bbox 608 403 755 449; x_wconf 90' lang='lat' dir='ltr'>immo</span> <span class='ocrx_word' id='word_1_5' title='bbox 774 402 935 447; x_wconf 85' lang='lat' dir='ltr'>multis</span> <span class='ocrx_word' id='word_1_6' title='bbox 953 418 1056 448; x_wconf 86' lang='lat' dir='ltr'>eam</span> <span class='ocrx_word' id='word_1_7' title='bbox 1074 401 1402 448; x_wconf 84' lang='lat' dir='ltr'>afflictionibus</span> <span class='ocrx_word' id='word_1_8' title='bbox 1415 437 1426 455; x_wconf 94' lang='lat'>‚</span> <span class='ocrx_word' id='word_1_9' title='bbox 1449 411 1502 447; x_wconf 90' lang='lat' dir='ltr'>ut</span> <span class='ocrx_word' id='word_1_10' title='bbox 1518 400 1743 448; x_wconf 85' lang='lat' dir='ltr'>odibilem</span> <span class='ocrx_word' id='word_1_11' title='bbox 1765 403 1979 449; x_wconf 82' lang='lat' dir='ltr'>ancillam</span> <span class='ocrx_word' id='word_1_12' title='bbox 1993 440 2005 461; x_wconf 93' lang='lat'>‚</span> <span class='ocrx_word' id='word_1_13' title='bbox 2025 414 2029 417; x_wconf 84' lang='grc'><strong>’</strong></span> 
     </span>
     <span class='ocr_line' id='line_1_3' title="bbox 606 477 2010 542; baseline -0.001 -16"><span class='ocrx_word' id='word_1_14' title='bbox 606 478 921 526; x_wconf 82' lang='lat' dir='ltr'>contristavit.</span> <span class='ocrx_word' id='word_1_15' title='bbox 943 477 1068 539; x_wconf 84' lang='lat' dir='ltr'>Quin</span> <span class='ocrx_word' id='word_1_16' title='bbox 1084 479 1226 525; x_wconf 86' lang='lat' dir='ltr'>etiam</span> <span class='ocrx_word' id='word_1_17' title='bbox 1248 479 1402 525; x_wconf 86' lang='lat' dir='ltr'>multo</span> <span class='ocrx_word' id='word_1_18' title='bbox 1423 488 1640 542; x_wconf 89' lang='lat' dir='ltr'>tempore</span> <span class='ocrx_word' id='word_1_19' title='bbox 1666 479 1712 524; x_wconf 86' lang='lat' dir='ltr'>in</span> <span class='ocrx_word' id='word_1_20' title='bbox 1733 496 1839 525; x_wconf 86' lang='lat' dir='ltr'>arce</span> <span class='ocrx_word' id='word_1_21' title='bbox 1862 480 2010 526; x_wconf 89' lang='lat' dir='ltr'>Beles-</span> 
     </span>
    </p>

    <p class='ocr_par' dir='ltr' id='par_1_3' title="bbox 605 556 2006 620">
     <span class='ocr_line' id='line_1_4' title="bbox 605 556 2006 620; baseline 0 -17"><span class='ocrx_word' id='word_1_22' title='bbox 605 557 773 614; x_wconf 86' lang='lat' dir='ltr'>mensi,</span> <span class='ocrx_word' id='word_1_23' title='bbox 792 557 920 604; x_wconf 88' lang='lat' dir='ltr'>velut</span> <span class='ocrx_word' id='word_1_24' title='bbox 942 557 1195 613; x_wconf 87' lang='lat' dir='ltr'>latronem,</span> <span class='ocrx_word' id='word_1_25' title='bbox 1220 556 1443 603; x_wconf 79' lang='lat' dir='ltr'>custodiae</span> <span class='ocrx_word' id='word_1_26' title='bbox 1460 557 1761 620; x_wconf 78' lang='lat' dir='ltr'>mancipavit.</span> <span class='ocrx_word' id='word_1_27' title='bbox 1782 556 2006 616; x_wconf 81' lang='lat' dir='ltr'>Tandem,</span> 
     </span>
    </p>

    <p class='ocr_par' dir='ltr' id='par_1_4' title="bbox 605 633 2012 698">
     <span class='ocr_line' id='line_1_5' title="bbox 605 633 2012 698; baseline -0.001 -17"><span class='ocrx_word' id='word_1_28' title='bbox 605 635 780 682; x_wconf 89' lang='lat' dir='ltr'>auxilio</span> <span class='ocrx_word' id='word_1_29' title='bbox 804 634 1127 698; x_wconf 82' lang='lat' dir='ltr'>industriaque</span> <span class='ocrx_word' id='word_1_30' title='bbox 1145 633 1293 681; x_wconf 76' lang='lat' dir='ltr'>fidelis</span> <span class='ocrx_word' id='word_1_31' title='bbox 1322 633 1598 681; x_wconf 86' lang='lat' dir='ltr'>cubicularii</span> <span class='ocrx_word' id='word_1_32' title='bbox 1616 644 1793 697; x_wconf 80' lang='lat' dir='ltr'>erepta,</span> <span class='ocrx_word' id='word_1_33' title='bbox 1825 633 1883 680; x_wconf 89' lang='lat' dir='ltr'>de</span> <span class='ocrx_word' id='word_1_34' title='bbox 1909 652 2012 681; x_wconf 83' lang='lat' dir='ltr'>car—</span> 
     </span>
    </p>

    <p class='ocr_par' dir='ltr' id='par_1_5' title="bbox 605 710 2011 768">
     <span class='ocr_line' id='line_1_6' title="bbox 605 710 2011 768; baseline -0.001 -8"><span class='ocrx_word' id='word_1_35' title='bbox 605 729 711 760; x_wconf 90' lang='lat' dir='ltr'>cere</span> <span class='ocrx_word' id='word_1_36' title='bbox 737 712 952 759; x_wconf 84' lang='lat' dir='ltr'>clanculo</span> <span class='ocrx_word' id='word_1_37' title='bbox 977 712 1145 768; x_wconf 81' lang='lat' dir='ltr'>exivit,</span> <span class='ocrx_word' id='word_1_38' title='bbox 1171 722 1217 757; x_wconf 88' lang='lat' dir='ltr'>et</span> <span class='ocrx_word' id='word_1_39' title='bbox 1239 711 1296 758; x_wconf 88' lang='lat' dir='ltr'>ad</span> <span class='ocrx_word' id='word_1_40' title='bbox 1320 710 1542 768; x_wconf 86' lang='lat' dir='ltr'>Adalam,</span> <span class='ocrx_word' id='word_1_41' title='bbox 1569 710 1907 757; x_wconf 83' lang='lat' dir='ltr'>Carnotensem</span> <span class='ocrx_word' id='word_1_42' title='bbox 1929 729 2011 759; x_wconf 91' lang='lat' dir='ltr'>co·-</span> 
     </span>
    </p>

    <p class='ocr_par' dir='ltr' id='par_1_6' title="bbox 604 787 2012 853">
     <span class='ocr_line' id='line_1_7' title="bbox 604 787 2012 853; baseline -0.001 -16"><span class='ocrx_word' id='word_1_43' title='bbox 604 791 832 837; x_wconf 88' lang='lat' dir='ltr'>mitissam</span> <span class='ocrx_word' id='word_1_44' title='bbox 847 790 937 853; x_wconf 82' lang='lat'>(1),</span> <span class='ocrx_word' id='word_1_45' title='bbox 962 790 1192 853; x_wconf 71' lang='lat' dir='ltr'>confugit,</span> <span class='ocrx_word' id='word_1_46' title='bbox 1213 799 1259 834; x_wconf 89' lang='lat' dir='ltr'>et</span> <span class='ocrx_word' id='word_1_47' title='bbox 1281 787 1406 845; x_wconf 87' lang='lat' dir='ltr'>inde,</span> <span class='ocrx_word' id='word_1_48' title='bbox 1425 806 1672 852; x_wconf 82' lang='lat' dir='ltr'>nunquam</span> <span class='ocrx_word' id='word_1_49' title='bbox 1686 787 1742 834; x_wconf 86' lang='lat' dir='ltr'>ad</span> <span class='ocrx_word' id='word_1_50' title='bbox 1762 798 2012 851; x_wconf 79' lang='lat' dir='ltr'>tyrannum</span> 
     </span>
    </p>

    <p class='ocr_par' dir='ltr' id='par_1_7' title="bbox 604 866 1417 924">
     <span class='ocr_line' id='line_1_8' title="bbox 604 866 1417 924; baseline -0.004 -10"><span class='ocrx_word' id='word_1_51' title='bbox 604 868 838 924; x_wconf 87' lang='lat' dir='ltr'>reditura,</span> <span class='ocrx_word' id='word_1_52' title='bbox 867 867 916 912; x_wconf 89' lang='lat' dir='ltr'>in</span> <span class='ocrx_word' id='word_1_53' title='bbox 938 866 1195 913; x_wconf 88' lang='lat' dir='ltr'>Pontivum</span> <span class='ocrx_word' id='word_1_54' title='bbox 1217 866 1417 912; x_wconf 85' lang='lat' dir='ltr'>secessit.</span> 
     </span>
    </p>

    <p class='ocr_par' dir='ltr' id='par_1_8' title="bbox 601 942 2019 1860">
     <span class='ocr_line' id='line_1_9' title="bbox 667 942 2014 1008; baseline 0 -18"><span class='ocrx_word' id='word_1_55' title='bbox 667 945 794 990; x_wconf 89' lang='lat' dir='ltr'>Diris</span> <span class='ocrx_word' id='word_1_56' title='bbox 810 942 1056 1007; x_wconf 79' lang='lat' dir='ltr'>conatibus</span> <span class='ocrx_word' id='word_1_57' title='bbox 1070 954 1117 990; x_wconf 90' lang='lat' dir='ltr'>et</span> <span class='ocrx_word' id='word_1_58' title='bbox 1131 943 1597 1008; x_wconf 79' lang='lat' dir='ltr'>tergiversationibus</span> <span class='ocrx_word' id='word_1_59' title='bbox 1614 943 1797 1007; x_wconf 71' lang='lat' dir='ltr'>praefati</span> <span class='ocrx_word' id='word_1_60' title='bbox 1815 943 2014 990; x_wconf 88' lang='lat' dir='ltr'>lanionis</span> 
     </span>
     <span class='ocr_line' id='line_1_10' title="bbox 604 1020 2015 1085; baseline -0.001 -16"><span class='ocrx_word' id='word_1_61' title='bbox 604 1022 823 1069; x_wconf 79' lang='lat' dir='ltr'>Neustria</span> <span class='ocrx_word' id='word_1_62' title='bbox 848 1038 971 1085; x_wconf 86' lang='lat' dir='ltr'>saepe</span> <span class='ocrx_word' id='word_1_63' title='bbox 994 1020 1182 1067; x_wconf 82' lang='lat' dir='ltr'>turbata</span> <span class='ocrx_word' id='word_1_64' title='bbox 1205 1031 1297 1078; x_wconf 82' lang='lat' dir='ltr'>est,</span> <span class='ocrx_word' id='word_1_65' title='bbox 1323 1032 1370 1067; x_wconf 86' lang='lat' dir='ltr'>et</span> <span class='ocrx_word' id='word_1_66' title='bbox 1390 1021 1739 1068; x_wconf 88' lang='lat' dir='ltr'>Cenomannica</span> <span class='ocrx_word' id='word_1_67' title='bbox 1757 1022 1891 1085; x_wconf 80' lang='lat' dir='ltr'>regio</span> <span class='ocrx_word' id='word_1_68' title='bbox 1910 1021 2015 1067; x_wconf 89' lang='lat' dir='ltr'>vici-</span> 
     </span>
     <span class='ocr_line' id='line_1_11' title="bbox 604 1097 2016 1164; baseline -0.001 -18"><span class='ocrx_word' id='word_1_69' title='bbox 604 1101 819 1164; x_wconf 82' lang='lat' dir='ltr'>nitasque</span> <span class='ocrx_word' id='word_1_70' title='bbox 844 1100 1178 1163; x_wconf 82' lang='lat' dir='ltr'>circumjacens</span> <span class='ocrx_word' id='word_1_71' title='bbox 1202 1099 1375 1162; x_wconf 60' lang='lat' dir='ltr'>praedis</span> <span class='ocrx_word' id='word_1_72' title='bbox 1396 1116 1449 1145; x_wconf 86' lang='lat' dir='ltr'>ac</span> <span class='ocrx_word' id='word_1_73' title='bbox 1473 1098 1678 1146; x_wconf 85' lang='lat' dir='ltr'>caedibus</span> <span class='ocrx_word' id='word_1_74' title='bbox 1699 1097 2016 1162; x_wconf 85' lang='lat' dir='ltr'>incendiisque</span> 
     </span>
     <span class='ocr_line' id='line_1_12' title="bbox 601 1175 2017 1242; baseline -0.002 -18"><span class='ocrx_word' id='word_1_75' title='bbox 601 1178 810 1224; x_wconf 71' lang='lat' dir='ltr'>feraliter</span> <span class='ocrx_word' id='word_1_76' title='bbox 832 1177 1083 1242; x_wconf 79' lang='lat' dir='ltr'>profligata</span> <span class='ocrx_word' id='word_1_77' title='bbox 1108 1187 1193 1224; x_wconf 85' lang='lat' dir='ltr'>est.</span> <span class='ocrx_word' id='word_1_78' title='bbox 1223 1177 1532 1240; x_wconf 87' lang='lat' dir='ltr'>Episcopatus</span> <span class='ocrx_word' id='word_1_79' title='bbox 1558 1186 1604 1222; x_wconf 88' lang='lat' dir='ltr'>et</span> <span class='ocrx_word' id='word_1_80' title='bbox 1632 1175 1853 1222; x_wconf 85' lang='lat' dir='ltr'>coenobia</span> <span class='ocrx_word' id='word_1_81' title='bbox 1879 1191 2017 1239; x_wconf 86' lang='lat' dir='ltr'>super</span> 
     </span>
     <span class='ocr_line' id='line_1_13' title="bbox 604 1253 2018 1318; baseline -0.002 -17"><span class='ocrx_word' id='word_1_82' title='bbox 604 1255 687 1302; x_wconf 89' lang='lat' dir='ltr'>illo</span> <span class='ocrx_word' id='word_1_83' title='bbox 718 1255 776 1301; x_wconf 86' lang='lat' dir='ltr'>ad</span> <span class='ocrx_word' id='word_1_84' title='bbox 808 1255 1068 1302; x_wconf 88' lang='lat' dir='ltr'>Dominum</span> <span class='ocrx_word' id='word_1_85' title='bbox 1102 1253 1308 1301; x_wconf 86' lang='lat' dir='ltr'>Sabaoth</span> <span class='ocrx_word' id='word_1_86' title='bbox 1344 1254 1693 1311; x_wconf 83' lang='lat' dir='ltr'>clamaverunt,</span> <span class='ocrx_word' id='word_1_87' title='bbox 1731 1253 1780 1299; x_wconf 87' lang='lat' dir='ltr'>in</span> <span class='ocrx_word' id='word_1_88' title='bbox 1812 1269 2018 1318; x_wconf 88' lang='lat' dir='ltr'>quorum</span> 
     </span>
     <span class='ocr_line' id='line_1_14' title="bbox 604 1330 2017 1394; baseline -0.002 -16"><span class='ocrx_word' id='word_1_89' title='bbox 604 1333 744 1379; x_wconf 80' lang='lat' dir='ltr'>terris</span> <span class='ocrx_word' id='word_1_90' title='bbox 777 1332 963 1380; x_wconf 84' lang='lat' dir='ltr'>castella</span> <span class='ocrx_word' id='word_1_91' title='bbox 995 1332 1231 1379; x_wconf 88' lang='lat' dir='ltr'>violenter</span> <span class='ocrx_word' id='word_1_92' title='bbox 1261 1332 1441 1378; x_wconf 87' lang='lat' dir='ltr'>consita</span> <span class='ocrx_word' id='word_1_93' title='bbox 1474 1341 1608 1387; x_wconf 87' lang='lat' dir='ltr'>sunt,</span> <span class='ocrx_word' id='word_1_94' title='bbox 1635 1341 1682 1377; x_wconf 89' lang='lat' dir='ltr'>et</span> <span class='ocrx_word' id='word_1_95' title='bbox 1707 1330 2017 1394; x_wconf 86' lang='lat' dir='ltr'>possessiones</span> 
     </span>
     <span class='ocr_line' id='line_1_15' title="bbox 604 1408 2018 1474; baseline -0.001 -17"><span class='ocrx_word' id='word_1_96' title='bbox 604 1410 888 1457; x_wconf 83' lang='lat' dir='ltr'>Sanctorum</span> <span class='ocrx_word' id='word_1_97' title='bbox 911 1410 1160 1457; x_wconf 88' lang='lat' dir='ltr'>temeraria</span> <span class='ocrx_word' id='word_1_98' title='bbox 1179 1410 1421 1456; x_wconf 86' lang='lat' dir='ltr'>invasione</span> <span class='ocrx_word' id='word_1_99' title='bbox 1435 1410 1531 1474; x_wconf 88' lang='lat' dir='ltr'>ejus</span> <span class='ocrx_word' id='word_1_100' title='bbox 1549 1408 1797 1456; x_wconf 66' lang='lat' dir='ltr'>diminutae</span> <span class='ocrx_word' id='word_1_101' title='bbox 1816 1408 1892 1454; x_wconf 88' lang='lat' dir='ltr'>vel</span> <span class='ocrx_word' id='word_1_102' title='bbox 1914 1424 2018 1471; x_wconf 91' lang='lat' dir='ltr'>spo-</span> 
     </span>
     <span class='ocr_line' id='line_1_16' title="bbox 604 1485 2017 1551; baseline -0.001 -18"><span class='ocrx_word' id='word_1_103' title='bbox 604 1487 728 1534; x_wconf 85' lang='lat' dir='ltr'>liatae</span> <span class='ocrx_word' id='word_1_104' title='bbox 748 1498 874 1534; x_wconf 88' lang='lat' dir='ltr'>sunt.</span> <span class='ocrx_word' id='word_1_105' title='bbox 903 1488 1145 1535; x_wconf 83' lang='lat' dir='ltr'>Uticenses</span> <span class='ocrx_word' id='word_1_106' title='bbox 1162 1504 1278 1534; x_wconf 87' lang='lat' dir='ltr'>vero</span> <span class='ocrx_word' id='word_1_107' title='bbox 1298 1487 1537 1543; x_wconf 87' lang='lat' dir='ltr'>monachi,</span> <span class='ocrx_word' id='word_1_108' title='bbox 1559 1497 1666 1551; x_wconf 87' lang='lat' dir='ltr'>post</span> <span class='ocrx_word' id='word_1_109' title='bbox 1683 1487 1830 1533; x_wconf 83' lang='lat' dir='ltr'>multa</span> <span class='ocrx_word' id='word_1_110' title='bbox 1847 1485 2017 1532; x_wconf 86' lang='lat' dir='ltr'>damna</span> 
     </span>
     <span class='ocr_line' id='line_1_17' title="bbox 605 1565 2018 1629; baseline -0.001 -17"><span class='ocrx_word' id='word_1_111' title='bbox 605 1576 652 1612; x_wconf 92' lang='lat' dir='ltr'>et</span> <span class='ocrx_word' id='word_1_112' title='bbox 675 1565 859 1612; x_wconf 82' lang='lat' dir='ltr'>labores</span> <span class='ocrx_word' id='word_1_113' title='bbox 875 1602 887 1622; x_wconf 84' lang='grc'>,</span> <span class='ocrx_word' id='word_1_114' title='bbox 916 1575 1185 1629; x_wconf 79' lang='lat' dir='ltr'>metusque,</span> <span class='ocrx_word' id='word_1_115' title='bbox 1213 1582 1433 1629; x_wconf 80' lang='lat' dir='ltr'>guerram</span> <span class='ocrx_word' id='word_1_116' title='bbox 1459 1566 1554 1629; x_wconf 87' lang='lat' dir='ltr'>ejus</span> <span class='ocrx_word' id='word_1_117' title='bbox 1576 1565 1701 1611; x_wconf 81' lang='lat' dir='ltr'>serre</span> <span class='ocrx_word' id='word_1_118' title='bbox 1723 1581 1821 1611; x_wconf 87' lang='lat' dir='ltr'>non</span> <span class='ocrx_word' id='word_1_119' title='bbox 1845 1574 2018 1628; x_wconf 85' lang='lat' dir='ltr'>potue-</span> 
     </span>
     <span class='ocr_line' id='line_1_18' title="bbox 605 1641 2014 1705; baseline -0.001 -17"><span class='ocrx_word' id='word_1_120' title='bbox 605 1652 734 1689; x_wconf 85' lang='lat' dir='ltr'>runt.</span> <span class='ocrx_word' id='word_1_121' title='bbox 760 1641 897 1688; x_wconf 82' lang='lat' dir='ltr'>Unde</span> <span class='ocrx_word' id='word_1_122' title='bbox 917 1642 1083 1699; x_wconf 82' lang='lat' dir='ltr'>coacti,</span> <span class='ocrx_word' id='word_1_123' title='bbox 1104 1641 1258 1688; x_wconf 88' lang='lat' dir='ltr'>dicam</span> <span class='ocrx_word' id='word_1_124' title='bbox 1283 1642 1352 1705; x_wconf 81' lang='lat'>(2)</span> <span class='ocrx_word' id='word_1_125' title='bbox 1379 1658 1464 1705; x_wconf 88' lang='lat' dir='ltr'>per</span> <span class='ocrx_word' id='word_1_126' title='bbox 1490 1652 1638 1688; x_wconf 84' lang='lat' dir='ltr'>totam</span> <span class='ocrx_word' id='word_1_127' title='bbox 1661 1652 1839 1687; x_wconf 86' lang='lat' dir='ltr'>terram</span> <span class='ocrx_word' id='word_1_128' title='bbox 1857 1658 2014 1698; x_wconf 89' lang='lat' dir='ltr'>suam,</span> 
     </span>
     <span class='ocr_line' id='line_1_19' title="bbox 604 1718 2014 1784; baseline -0.001 -19"><span class='ocrx_word' id='word_1_129' title='bbox 604 1737 710 1784; x_wconf 80' lang='lat' dir='ltr'>quae</span> <span class='ocrx_word' id='word_1_130' title='bbox 735 1718 961 1766; x_wconf 84' lang='lat' dir='ltr'>hactenus</span> <span class='ocrx_word' id='word_1_131' title='bbox 987 1738 1012 1765; x_wconf 89' lang='lat' dir='ltr'>a</span> <span class='ocrx_word' id='word_1_132' title='bbox 1038 1719 1175 1766; x_wconf 86' lang='lat' dir='ltr'>malis</span> <span class='ocrx_word' id='word_1_133' title='bbox 1206 1718 1623 1765; x_wconf 85' lang='lat' dir='ltr'>consuetudinibus</span> <span class='ocrx_word' id='word_1_134' title='bbox 1655 1718 1804 1765; x_wconf 85' lang='lat' dir='ltr'>libera</span> <span class='ocrx_word' id='word_1_135' title='bbox 1837 1719 2014 1775; x_wconf 81' lang='lat' dir='ltr'>suerat,</span> 
     </span>
     <span class='ocr_line' id='line_1_20' title="bbox 603 1796 2019 1860; baseline -0.001 -16"><span class='ocrx_word' id='word_1_136' title='bbox 603 1798 834 1856; x_wconf 80' lang='lat' dir='ltr'>fecerunt,</span> <span class='ocrx_word' id='word_1_137' title='bbox 853 1809 899 1845; x_wconf 86' lang='lat' dir='ltr'>et</span> <span class='ocrx_word' id='word_1_138' title='bbox 913 1815 971 1844; x_wconf 77' lang='lat' dir='ltr'>Lx</span> <span class='ocrx_word' id='word_1_139' title='bbox 987 1796 1132 1844; x_wconf 87' lang='lat' dir='ltr'>libras</span> <span class='ocrx_word' id='word_1_140' title='bbox 1144 1797 1608 1843; x_wconf 88' lang='lat' dir='ltr'>Cenomannensium</span> <span class='ocrx_word' id='word_1_141' title='bbox 1623 1796 1680 1843; x_wconf 88' lang='lat' dir='ltr'>de</span> <span class='ocrx_word' id='word_1_142' title='bbox 1694 1813 1836 1843; x_wconf 84' lang='lat' dir='ltr'>censu</span> <span class='ocrx_word' id='word_1_143' title='bbox 1847 1813 2019 1860; x_wconf 79' lang='lat' dir='ltr'>pagen-</span> 
     </span>
    </p>
   </div>
   <div class='ocr_carea' id='block_1_3' title="bbox 599 1983 2019 2866">
    <p class='ocr_par' dir='ltr' id='par_1_9' title="bbox 650 1983 1953 2031">
     <span class='ocr_line' id='line_1_21' title="bbox 650 1983 1953 2031; baseline -0.001 -13"><span class='ocrx_word' id='word_1_144' title='bbox 650 1985 700 2030; x_wconf 89' lang='lat'>(1)</span> <span class='ocrx_word' id='word_1_145' title='bbox 719 1983 853 2026; x_wconf 77' lang='lat' dir='ltr'>Adele‚</span> <span class='ocrx_word' id='word_1_146' title='bbox 874 1990 1048 2018; x_wconf 85' lang='lat' dir='ltr'>comtesse</span> <span class='ocrx_word' id='word_1_147' title='bbox 1067 1983 1113 2018; x_wconf 90' lang='lat' dir='ltr'>de</span> <span class='ocrx_word' id='word_1_148' title='bbox 1131 1984 1244 2027; x_wconf 69' lang='lat' dir='ltr'>mois,</span> <span class='ocrx_word' id='word_1_149' title='bbox 1268 1983 1340 2018; x_wconf 82' lang='lat' dir='ltr'>lille</span> <span class='ocrx_word' id='word_1_150' title='bbox 1359 1984 1404 2018; x_wconf 87' lang='lat' dir='ltr'>de</span> <span class='ocrx_word' id='word_1_151' title='bbox 1423 1984 1953 2031; x_wconf 78' lang='lat' dir='ltr'>Guillaume-le-Conquerant.</span> 
     </span>
    </p>

    <p class='ocr_par' dir='ltr' id='par_1_10' title="bbox 599 2043 2019 2866">
     <span class='ocr_line' id='line_1_22' title="bbox 650 2043 2019 2090; baseline 0 -12"><span class='ocrx_word' id='word_1_152' title='bbox 650 2046 700 2090; x_wconf 81' lang='lat'>(2)</span> <span class='ocrx_word' id='word_1_153' title='bbox 717 2044 818 2078; x_wconf 85' lang='lat' dir='ltr'>Nous</span> <span class='ocrx_word' id='word_1_154' title='bbox 835 2055 988 2090; x_wconf 85' lang='lat' dir='ltr'>croyons</span> <span class='ocrx_word' id='word_1_155' title='bbox 1003 2055 1048 2077; x_wconf 86' lang='lat' dir='ltr'>ne</span> <span class='ocrx_word' id='word_1_156' title='bbox 1063 2044 1217 2090; x_wconf 79' lang='lat' dir='ltr'>pouvoir</span> <span class='ocrx_word' id='word_1_157' title='bbox 1236 2045 1357 2078; x_wconf 84' lang='lat' dir='ltr'>mieux</span> <span class='ocrx_word' id='word_1_158' title='bbox 1375 2044 1464 2078; x_wconf 81' lang='lat' dir='ltr'>faire</span> <span class='ocrx_word' id='word_1_159' title='bbox 1481 2044 1668 2078; x_wconf 80' lang='lat' dir='ltr'>conna&#39;itre</span> <span class='ocrx_word' id='word_1_160' title='bbox 1687 2044 1720 2079; x_wconf 90' lang='lat' dir='ltr'>le</span> <span class='ocrx_word' id='word_1_161' title='bbox 1738 2056 1817 2078; x_wconf 84' lang='lat' dir='ltr'>sens</span> <span class='ocrx_word' id='word_1_162' title='bbox 1831 2043 1876 2078; x_wconf 85' lang='lat' dir='ltr'>de</span> <span class='ocrx_word' id='word_1_163' title='bbox 1889 2056 1929 2079; x_wconf 91' lang='lat' dir='ltr'>ce</span> <span class='ocrx_word' id='word_1_164' title='bbox 1942 2051 2019 2079; x_wconf 89' lang='lat' dir='ltr'>mot</span> 
     </span>
     <span class='ocr_line' id='line_1_23' title="bbox 603 2103 2018 2152; baseline -0.001 -13"><span class='ocrx_word' id='word_1_165' title='bbox 603 2117 674 2152; x_wconf 85' lang='lat' dir='ltr'>que</span> <span class='ocrx_word' id='word_1_166' title='bbox 692 2117 757 2152; x_wconf 82' lang='lat' dir='ltr'>par</span> <span class='ocrx_word' id='word_1_167' title='bbox 771 2103 805 2137; x_wconf 87' lang='lat' dir='ltr'>la</span> <span class='ocrx_word' id='word_1_168' title='bbox 818 2103 1011 2138; x_wconf 81' lang='lat' dir='ltr'>definition</span> <span class='ocrx_word' id='word_1_169' title='bbox 1027 2103 1135 2150; x_wconf 72' lang='lat' dir='ltr'>qu’en</span> <span class='ocrx_word' id='word_1_170' title='bbox 1153 2103 1275 2138; x_wconf 87' lang='lat' dir='ltr'>donne</span> <span class='ocrx_word' id='word_1_171' title='bbox 1288 2111 1394 2139; x_wconf 86' lang='lat' dir='ltr'>notre</span> <span class='ocrx_word' id='word_1_172' title='bbox 1412 2111 1535 2139; x_wconf 84' lang='lat' dir='ltr'>savant</span> <span class='ocrx_word' id='word_1_173' title='bbox 1549 2103 1854 2150; x_wconf 82' lang='lat' dir='ltr'>correspondant‚</span> <span class='ocrx_word' id='word_1_174' title='bbox 1873 2105 1924 2138; x_wconf 90' lang='lat' dir='ltr'>M.</span> <span class='ocrx_word' id='word_1_175' title='bbox 1941 2103 2018 2139; x_wconf 85' lang='lat' dir='ltr'>Sta-</span> 
     </span>
     <span class='ocr_line' id='line_1_24' title="bbox 602 2161 2016 2210; baseline -0.001 -12"><span class='ocrx_word' id='word_1_176' title='bbox 602 2163 746 2210; x_wconf 77' lang='lat' dir='ltr'>pleton‚</span> <span class='ocrx_word' id='word_1_177' title='bbox 767 2162 856 2197; x_wconf 87' lang='lat' dir='ltr'>dans</span> <span class='ocrx_word' id='word_1_178' title='bbox 870 2161 921 2197; x_wconf 88' lang='lat' dir='ltr'>les</span> <span class='ocrx_word' id='word_1_179' title='bbox 935 2163 1072 2209; x_wconf 60' lang='lat' dir='ltr'>Elagm&#39;</span> <span class='ocrx_word' id='word_1_180' title='bbox 1085 2163 1479 2198; x_wconf 64' lang='lat' dir='ltr'>[fataliN0r1nanm·oe.</span> <span class='ocrx_word' id='word_1_181' title='bbox 1500 2164 1548 2197; x_wconf 90' lang='lat' dir='ltr'>Le</span> <span class='ocrx_word' id='word_1_182' title='bbox 1565 2170 1641 2198; x_wconf 85' lang='lat' dir='ltr'>mot</span> <span class='ocrx_word' id='word_1_183' title='bbox 1656 2163 1739 2197; x_wconf 79' lang='lat' dir='ltr'>dica</span> <span class='ocrx_word' id='word_1_184' title='bbox 1754 2169 1808 2197; x_wconf 82' lang='lat' dir='ltr'>est</span> <span class='ocrx_word' id='word_1_185' title='bbox 1821 2174 2016 2210; x_wconf 87' lang='lat' dir='ltr'>synonyme</span> 
     </span>
     <span class='ocr_line' id='line_1_25' title="bbox 603 2221 2017 2269; baseline -0.001 -11"><span class='ocrx_word' id='word_1_186' title='bbox 603 2223 648 2258; x_wconf 88' lang='lat' dir='ltr'>de</span> <span class='ocrx_word' id='word_1_187' title='bbox 669 2223 766 2257; x_wconf 78' lang='lat' dir='ltr'>talea</span> <span class='ocrx_word' id='word_1_188' title='bbox 785 2221 936 2268; x_wconf 80' lang='lat' dir='ltr'>(taille).</span> <span class='ocrx_word' id='word_1_189' title='bbox 961 2221 1021 2257; x_wconf 90' lang='lat' dir='ltr'>On</span> <span class='ocrx_word' id='word_1_190' title='bbox 1040 2222 1108 2256; x_wconf 83' lang='lat' dir='ltr'>sait</span> <span class='ocrx_word' id='word_1_191' title='bbox 1125 2222 1260 2269; x_wconf 77' lang='lat' dir='ltr'>qu’une</span> <span class='ocrx_word' id='word_1_192' title='bbox 1281 2222 1376 2257; x_wconf 84' lang='lat' dir='ltr'>taille</span> <span class='ocrx_word' id='word_1_193' title='bbox 1394 2223 1482 2257; x_wconf 80' lang='lat' dir='ltr'>etait</span> <span class='ocrx_word' id='word_1_194' title='bbox 1503 2235 1554 2257; x_wconf 87' lang='lat' dir='ltr'>un</span> <span class='ocrx_word' id='word_1_195' title='bbox 1578 2222 1689 2257; x_wconf 69' lang='lat' dir='ltr'>baton</span> <span class='ocrx_word' id='word_1_196' title='bbox 1713 2222 1758 2257; x_wconf 92' lang='lat' dir='ltr'>de</span> <span class='ocrx_word' id='word_1_197' title='bbox 1778 2222 1812 2256; x_wconf 88' lang='lat' dir='ltr'>la</span> <span class='ocrx_word' id='word_1_198' title='bbox 1837 2222 2017 2269; x_wconf 84' lang='lat' dir='ltr'>longueur</span> 
     </span>
     <span class='ocr_line' id='line_1_26' title="bbox 603 2281 2015 2329; baseline 0 -13"><span class='ocrx_word' id='word_1_199' title='bbox 603 2282 691 2316; x_wconf 84' lang='lat' dir='ltr'>d&#39;un</span> <span class='ocrx_word' id='word_1_200' title='bbox 711 2293 843 2327; x_wconf 84' lang='lat' dir='ltr'>empan</span> <span class='ocrx_word' id='word_1_201' title='bbox 855 2309 863 2324; x_wconf 86' lang='lat'>‚</span> <span class='ocrx_word' id='word_1_202' title='bbox 884 2293 946 2315; x_wconf 83' lang='lat' dir='ltr'>sur</span> <span class='ocrx_word' id='word_1_203' title='bbox 963 2281 1083 2329; x_wconf 88' lang='lat' dir='ltr'>lequel</span> <span class='ocrx_word' id='word_1_204' title='bbox 1103 2281 1166 2316; x_wconf 81' lang='lat' dir='ltr'>des</span> <span class='ocrx_word' id='word_1_205' title='bbox 1184 2282 1347 2316; x_wconf 79' lang='lat' dir='ltr'>entailles</span> <span class='ocrx_word' id='word_1_206' title='bbox 1366 2281 1596 2329; x_wconf 73' lang='lat' dir='ltr'>designaient</span> <span class='ocrx_word' id='word_1_207' title='bbox 1614 2282 1676 2317; x_wconf 85' lang='lat' dir='ltr'>des</span> <span class='ocrx_word' id='word_1_208' title='bbox 1694 2294 1849 2317; x_wconf 78' lang='lat' dir='ltr'>somnies</span> <span class='ocrx_word' id='word_1_209' title='bbox 1869 2295 1914 2317; x_wconf 89' lang='lat' dir='ltr'>en</span> <span class='ocrx_word' id='word_1_210' title='bbox 1931 2293 2015 2329; x_wconf 86' lang='lat' dir='ltr'>pro-</span> 
     </span>
     <span class='ocr_line' id='line_1_27' title="bbox 599 2340 2017 2389; baseline -0.001 -12"><span class='ocrx_word' id='word_1_211' title='bbox 599 2342 752 2389; x_wconf 87' lang='lat' dir='ltr'>portion</span> <span class='ocrx_word' id='word_1_212' title='bbox 768 2353 851 2375; x_wconf 76' lang='lat' dir='ltr'>avec</span> <span class='ocrx_word' id='word_1_213' title='bbox 870 2340 949 2375; x_wconf 85' lang='lat' dir='ltr'>leur</span> <span class='ocrx_word' id='word_1_214' title='bbox 964 2341 1141 2383; x_wconf 82' lang='lat' dir='ltr'>e&#39;tendue‚</span> <span class='ocrx_word' id='word_1_215' title='bbox 1163 2349 1199 2376; x_wconf 90' lang='lat' dir='ltr'>ct</span> <span class='ocrx_word' id='word_1_216' title='bbox 1216 2342 1298 2389; x_wconf 80' lang='lat' dir='ltr'>qui,</span> <span class='ocrx_word' id='word_1_217' title='bbox 1320 2343 1435 2388; x_wconf 81' lang='lat' dir='ltr'>coupe</span> <span class='ocrx_word' id='word_1_218' title='bbox 1452 2341 1496 2376; x_wconf 87' lang='lat' dir='ltr'>de</span> <span class='ocrx_word' id='word_1_219' title='bbox 1511 2342 1672 2376; x_wconf 80' lang='lat' dir='ltr'>maniere</span> <span class='ocrx_word' id='word_1_220' title='bbox 1690 2344 1709 2376; x_wconf 78' lang='lat' dir='ltr'>a</span> <span class='ocrx_word' id='word_1_221' title='bbox 1728 2341 1860 2376; x_wconf 82' lang='lat' dir='ltr'>diviser</span> <span class='ocrx_word' id='word_1_222' title='bbox 1877 2342 2017 2389; x_wconf 86' lang='lat' dir='ltr'>chaque</span> 
     </span>
     <span class='ocr_line' id='line_1_28' title="bbox 601 2400 2016 2450; baseline -0.001 -13"><span class='ocrx_word' id='word_1_223' title='bbox 601 2402 748 2437; x_wconf 87' lang='lat' dir='ltr'>entaille</span> <span class='ocrx_word' id='word_1_224' title='bbox 774 2414 820 2436; x_wconf 85' lang='lat' dir='ltr'>cn</span> <span class='ocrx_word' id='word_1_225' title='bbox 846 2400 958 2444; x_wconf 82' lang='lat' dir='ltr'>deux,</span> <span class='ocrx_word' id='word_1_226' title='bbox 985 2402 1182 2436; x_wconf 85' lang='lat' dir='ltr'>e&#39;tablissait</span> <span class='ocrx_word' id='word_1_227' title='bbox 1205 2415 1247 2436; x_wconf 84' lang='lat' dir='ltr'>au</span> <span class='ocrx_word' id='word_1_228' title='bbox 1274 2415 1405 2449; x_wconf 63' lang='lat' dir='ltr'>moyen</span> <span class='ocrx_word' id='word_1_229' title='bbox 1431 2403 1481 2437; x_wconf 87' lang='lat' dir='ltr'>du</span> <span class='ocrx_word' id='word_1_230' title='bbox 1504 2403 1811 2450; x_wconf 82' lang='lat' dir='ltr'>rapprochement</span> <span class='ocrx_word' id='word_1_231' title='bbox 1837 2402 1900 2437; x_wconf 85' lang='lat' dir='ltr'>des</span> <span class='ocrx_word' id='word_1_232' title='bbox 1923 2402 2016 2436; x_wconf 87' lang='lat' dir='ltr'>deux</span> 
     </span>
     <span class='ocr_line' id='line_1_29' title="bbox 601 2461 2015 2510; baseline 0 -14"><span class='ocrx_word' id='word_1_233' title='bbox 601 2462 768 2505; x_wconf 61' lang='lat' dir='ltr'>moines,</span> <span class='ocrx_word' id='word_1_234' title='bbox 797 2462 906 2496; x_wconf 87' lang='lat' dir='ltr'>d&#39;une</span> <span class='ocrx_word' id='word_1_235' title='bbox 936 2464 1096 2497; x_wconf 51' lang='lat' dir='ltr'>manin-e</span> <span class='ocrx_word' id='word_1_236' title='bbox 1127 2463 1410 2507; x_wconf 77' lang='lat' dir='ltr'>incontestable,</span> <span class='ocrx_word' id='word_1_237' title='bbox 1441 2463 1474 2498; x_wconf 92' lang='lat' dir='ltr'>le</span> <span class='ocrx_word' id='word_1_238' title='bbox 1501 2470 1646 2510; x_wconf 84' lang='lat' dir='ltr'>compte</span> <span class='ocrx_word' id='word_1_239' title='bbox 1675 2470 1828 2498; x_wconf 87' lang='lat' dir='ltr'>courant</span> <span class='ocrx_word' id='word_1_240' title='bbox 1852 2469 1955 2497; x_wconf 86' lang='lat' dir='ltr'>entre</span> <span class='ocrx_word' id='word_1_241' title='bbox 1983 2461 2015 2496; x_wconf 91' lang='lat' dir='ltr'>le</span> 
     </span>
     <span class='ocr_line' id='line_1_30' title="bbox 599 2520 2016 2568; baseline -0.001 -13"><span class='ocrx_word' id='word_1_242' title='bbox 599 2521 786 2555; x_wconf 82' lang='lat' dir='ltr'>creancier</span> <span class='ocrx_word' id='word_1_243' title='bbox 805 2527 842 2555; x_wconf 87' lang='lat' dir='ltr'>et</span> <span class='ocrx_word' id='word_1_244' title='bbox 857 2520 891 2555; x_wconf 88' lang='lat' dir='ltr'>le</span> <span class='ocrx_word' id='word_1_245' title='bbox 911 2520 1094 2555; x_wconf 77' lang='lat' dir='ltr'>debiteui·.</span> <span class='ocrx_word' id='word_1_246' title='bbox 1112 2522 1162 2556; x_wconf 90' lang='lat' dir='ltr'>Ce</span> <span class='ocrx_word' id='word_1_247' title='bbox 1182 2521 1339 2568; x_wconf 77' lang='lat' dir='ltr'>procede</span> <span class='ocrx_word' id='word_1_248' title='bbox 1359 2521 1404 2556; x_wconf 86' lang='lat' dir='ltr'>de</span> <span class='ocrx_word' id='word_1_249' title='bbox 1424 2528 1586 2568; x_wconf 86' lang='lat' dir='ltr'>compte,</span> <span class='ocrx_word' id='word_1_250' title='bbox 1613 2534 1744 2556; x_wconf 85' lang='lat' dir='ltr'>encore</span> <span class='ocrx_word' id='word_1_251' title='bbox 1765 2520 1931 2568; x_wconf 77' lang='lat' dir='ltr'>employe</span> <span class='ocrx_word' id='word_1_252' title='bbox 1952 2531 2016 2567; x_wconf 82' lang='lat' dir='ltr'>par</span> 
     </span>
     <span class='ocr_line' id='line_1_31' title="bbox 599 2579 2016 2628; baseline -0.001 -13"><span class='ocrx_word' id='word_1_253' title='bbox 599 2580 652 2615; x_wconf 91' lang='lat' dir='ltr'>les</span> <span class='ocrx_word' id='word_1_254' title='bbox 682 2579 921 2628; x_wconf 80' lang='lat' dir='ltr'>boulangerS,</span> <span class='ocrx_word' id='word_1_255' title='bbox 954 2581 1064 2615; x_wconf 87' lang='lat' dir='ltr'>servit</span> <span class='ocrx_word' id='word_1_256' title='bbox 1090 2581 1313 2628; x_wconf 79' lang='lat' dir='ltr'>long-temps</span> <span class='ocrx_word' id='word_1_257' title='bbox 1339 2594 1385 2616; x_wconf 82' lang='lat' dir='ltr'>cn</span> <span class='ocrx_word' id='word_1_258' title='bbox 1409 2581 1636 2616; x_wconf 80' lang='lat' dir='ltr'>Normandie</span> <span class='ocrx_word' id='word_1_259' title='bbox 1662 2588 1698 2616; x_wconf 86' lang='lat' dir='ltr'>et</span> <span class='ocrx_word' id='word_1_260' title='bbox 1724 2594 1771 2615; x_wconf 90' lang='lat' dir='ltr'>en</span> <span class='ocrx_word' id='word_1_261' title='bbox 1799 2580 2016 2626; x_wconf 78' lang='lat' dir='ltr'>Angleterre</span> 
     </span>
     <span class='ocr_line' id='line_1_32' title="bbox 601 2638 2014 2689; baseline -0.002 -14"><span class='ocrx_word' id='word_1_262' title='bbox 601 2653 694 2688; x_wconf 83' lang='lat' dir='ltr'>pour</span> <span class='ocrx_word' id='word_1_263' title='bbox 712 2640 746 2675; x_wconf 89' lang='lat' dir='ltr'>le</span> <span class='ocrx_word' id='word_1_264' title='bbox 765 2648 1043 2676; x_wconf 77' lang='lat' dir='ltr'>recouvrcnient</span> <span class='ocrx_word' id='word_1_265' title='bbox 1061 2640 1123 2676; x_wconf 84' lang='lat' dir='ltr'>des</span> <span class='ocrx_word' id='word_1_266' title='bbox 1143 2641 1298 2688; x_wconf 67' lang='lat' dir='ltr'>impote,</span> <span class='ocrx_word' id='word_1_267' title='bbox 1320 2648 1356 2676; x_wconf 87' lang='lat' dir='ltr'>et</span> <span class='ocrx_word' id='word_1_268' title='bbox 1375 2641 1461 2676; x_wconf 73' lang='lat' dir='ltr'>c&#39;est</span> <span class='ocrx_word' id='word_1_269' title='bbox 1485 2640 1529 2675; x_wconf 88' lang='lat' dir='ltr'>de</span> <span class='ocrx_word' id='word_1_270' title='bbox 1553 2641 1585 2675; x_wconf 74' lang='lat' dir='ltr'>la</span> <span class='ocrx_word' id='word_1_271' title='bbox 1607 2653 1679 2689; x_wconf 86' lang='lat' dir='ltr'>que</span> <span class='ocrx_word' id='word_1_272' title='bbox 1701 2641 1943 2687; x_wconf 83' lang='lat' dir='ltr'>proviennent</span> <span class='ocrx_word' id='word_1_273' title='bbox 1965 2638 2014 2673; x_wconf 89' lang='lat' dir='ltr'>les</span> 
     </span>
     <span class='ocr_line' id='line_1_33' title="bbox 602 2692 2015 2748; baseline -0.004 -12"><span class='ocrx_word' id='word_1_274' title='bbox 602 2708 696 2736; x_wconf 84' lang='lat' dir='ltr'>mots</span> <span class='ocrx_word' id='word_1_275' title='bbox 717 2700 761 2735; x_wconf 81' lang='lat' dir='ltr'>‹le</span> <span class='ocrx_word' id='word_1_276' title='bbox 784 2700 883 2734; x_wconf 84' lang='lat' dir='ltr'>taille</span> <span class='ocrx_word' id='word_1_277' title='bbox 904 2708 941 2735; x_wconf 84' lang='lat' dir='ltr'>et</span> <span class='ocrx_word' id='word_1_278' title='bbox 962 2700 1007 2735; x_wconf 85' lang='lat' dir='ltr'>de</span> <span class='ocrx_word' id='word_1_279' title='bbox 1030 2708 1188 2748; x_wconf 83' lang='lat' dir='ltr'>compte.</span> <span class='ocrx_word' id='word_1_280' title='bbox 1215 2702 1280 2736; x_wconf 89' lang='lat' dir='ltr'>Les</span> <span class='ocrx_word' id='word_1_281' title='bbox 1304 2703 1448 2736; x_wconf 77' lang='lat' dir='ltr'>seances</span> <span class='ocrx_word' id='word_1_282' title='bbox 1468 2701 1513 2735; x_wconf 82' lang='lat' dir='ltr'>de</span> <span class='ocrx_word' id='word_1_283' title='bbox 1531 2692 1756 2748; x_wconf 75' lang='lat' dir='ltr'>l&#39;Echiquier</span> <span class='ocrx_word' id='word_1_284' title='bbox 1773 2700 1835 2735; x_wconf 89' lang='lat' dir='ltr'>des</span> <span class='ocrx_word' id='word_1_285' title='bbox 1855 2705 2015 2745; x_wconf 81' lang='lat' dir='ltr'>comptes</span> 
     </span>
     <span class='ocr_line' id='line_1_34' title="bbox 600 2755 2013 2807; baseline -0.003 -14"><span class='ocrx_word' id='word_1_286' title='bbox 600 2759 857 2806; x_wconf 75' lang='lat' dir='ltr'>‹l’Angletcrrc</span> <span class='ocrx_word' id='word_1_287' title='bbox 888 2766 952 2793; x_wconf 90' lang='lat' dir='ltr'>ont</span> <span class='ocrx_word' id='word_1_288' title='bbox 980 2760 1037 2794; x_wconf 76' lang='lat' dir='ltr'>ete</span> <span class='ocrx_word' id='word_1_289' title='bbox 1067 2759 1257 2806; x_wconf 77' lang='lat' dir='ltr'>designees</span> <span class='ocrx_word' id='word_1_290' title='bbox 1285 2773 1351 2807; x_wconf 79' lang='lat' dir='ltr'>par</span> <span class='ocrx_word' id='word_1_291' title='bbox 1376 2772 1434 2795; x_wconf 85' lang='lat' dir='ltr'>ces</span> <span class='ocrx_word' id='word_1_292' title='bbox 1458 2766 1577 2794; x_wconf 74' lang='lat' dir='ltr'>mets:</span> <span class='ocrx_word' id='word_1_293' title='bbox 1601 2758 1653 2794; x_wconf 75' lang='lat' dir='ltr'>(cd</span> <span class='ocrx_word' id='word_1_294' title='bbox 1676 2759 1808 2802; x_wconf 72' lang='lat' dir='ltr'>taleas,</span> <span class='ocrx_word' id='word_1_295' title='bbox 1840 2763 1944 2793; x_wconf 80' lang='lat' dir='ltr'>avant</span> <span class='ocrx_word' id='word_1_296' title='bbox 1970 2755 2013 2789; x_wconf 90' lang='lat' dir='ltr'>de</span> 
     </span>
     <span class='ocr_line' id='line_1_35' title="bbox 600 2819 1294 2866; baseline 0 -12"><span class='ocrx_word' id='word_1_297' title='bbox 600 2819 702 2854; x_wconf 65' lang='lat' dir='ltr'>l&#39;ctrc</span> <span class='ocrx_word' id='word_1_298' title='bbox 720 2833 785 2866; x_wconf 77' lang='lat' dir='ltr'>par</span> <span class='ocrx_word' id='word_1_299' title='bbox 803 2820 942 2855; x_wconf 77' lang='lat' dir='ltr'>ceux-ci</span> <span class='ocrx_word' id='word_1_300' title='bbox 963 2836 968 2854; x_wconf 74' lang='lat' dir='ltr'>t</span> <span class='ocrx_word' id='word_1_301' title='bbox 988 2819 1040 2854; x_wconf 73' lang='lat' dir='ltr'>ad</span> <span class='ocrx_word' id='word_1_302' title='bbox 1059 2822 1294 2855; x_wconf 61' lang='lat' dir='ltr'>scaccarium.</span> 
     </span>
    </p>
   </div>
  </div>
 </body>
</html>
