2085 3455
609 291 685 328 402
972 291 1212 330 HISTORIA
1243 291 1648 331 ECCLESIAS'HCA.

608 379 821 443 regisque
860 378 1079 440 sapientis
1120 389 1166 423 et
1205 380 1410 441 potentis
1449 379 1729 426 familiarem
1764 382 2013 430 amicitiam

607 456 888 520 promeruit.
916 455 1053 502 Unde
1078 455 1137 501 ab
1164 456 1244 502 illo
1268 456 1494 518 praeclara
1520 457 1701 503 militiae
1726 476 1854 504 arma
1883 476 2015 506 rece·-

603 535 698 596 pit,
734 545 779 580 et
804 532 1145 596 multiplicibus
1169 533 1343 578 exeniis
1368 544 1640 579 muneratus
1656 570 1667 589 ‚
1703 535 1828 581 inter
1846 538 2016 598 praeci-

605 630 723 674 puos
749 612 997 674 optimates
1029 627 1169 673 penes
1200 611 1332 656 illum
1366 610 1593 657 consedit.
1629 611 1797 657 Filiam
1831 630 2017 678 quoque

605 690 818 736 Guallevi
840 688 1041 746 comitis,
1064 699 1110 733 et
1126 687 1314 744 Judith,
1339 688 1639 735 consobrinae
1661 690 1800 753 regis,
1821 707 2017 736 uxorem

602 769 761 823 duxit,
794 765 1026 829 binosque
1058 766 1305 812 comitatus
1338 765 1702 812 Nortliamtonae
1728 777 1774 812 et
1797 768 2018 814 Hunten-

603 846 768 899 donae,
802 861 920 907 quos
947 843 1108 888 Simon
1143 843 1522 899 Silvanectensis,
1558 860 1739 900 comes,
1766 862 1871 890 cum
1895 862 2019 907 prae-

603 926 692 969 'fata
719 922 917 968 muliere
939 920 1206 983 possederat
1234 922 1331 983 (1),
1369 920 1550 966 habuit.
1580 922 1664 967 Illa
1700 938 1810 968 vero
1837 924 2020 986 peperit

603 1003 642 1048 ei
670 1001 838 1056 filium,
862 1000 1055 1045 nomine
1073 999 1349 1056 Henricum,
1372 998 1579 1062 duasque
1598 998 1715 1044 filias
1738 1019 1749 1046 z
1772 1000 2019 1046 Clariciam

603 1090 649 1125 et
695 1077 1002 1124 Hodiernum.
1054 1077 1206 1121 Porro
1250 1076 1620 1139 primogenitam
1668 1077 1764 1140 ejus
1809 1076 2019 1123 sobolem

604 1156 849 1202 masculini
875 1171 1008 1200 sexus
1030 1154 1192 1199 ferreis
1216 1152 1374 1217 digitis
1399 1153 1652 1199 crudeliter
1682 1155 1884 1217 peremit
1912 1154 2020 1219 qui-

603 1233 711 1280 dam
754 1230 1032 1278 miserabilis
1070 1231 1293 1287 clericus,
1337 1231 1417 1295 qui
1459 1230 1522 1277 ol)
1555 1231 1848 1287 inauditum,
1895 1232 2020 1297 quod

604 1310 726 1376 apud
754 1309 1120 1372 Northwigenas
1152 1319 1536 1372 perpetraverat,
1568 1310 1739 1366 scelus,
1771 1310 2021 1356 oculorum

604 1388 871 1452 privatione
905 1397 951 1432 et
990 1385 1164 1449 pedum
1199 1403 1523 1450 manuumque
1557 1387 1837 1450 praecisione
1872 1387 2023 1434 suerat

604 1467 873 1512 mulctatus.
894 1465 998 1511 Illic
1017 1465 1146 1511 enim
1167 1464 1419 1529 quemdam
1440 1464 1757 1524 sacerdotem,
1780 1466 1894 1512 dum
1913 1466 2020 1512 mis·

603 1561 701 1589 sam
732 1542 1020 1599 celebraret,
1058 1552 1164 1603 post
1197 1543 1552 1605 perceptionem
1586 1554 2019 1600 sacramentorum,

603 1620 716 1667 dum
750 1620 955 1683 populus
987 1619 1275 1676 recessisset,
1316 1620 1495 1684 ingenti
1531 1621 1724 1667 cultello
1754 1621 1945 1668 lortiter
1975 1623 2022 1668 in

601 1700 707 1745 alvo
734 1698 985 1762 percussit,
1011 1707 1058 1743 et
1088 1697 1320 1743 intestinis
1349 1696 1649 1744 horribiliter
1680 1698 1854 1755 effusis,
1883 1716 2023 1763 super

603 1793 733 1821 aram
768 1775 1009 1821 mactavit.
1048 1774 1160 1832 Hic,
1197 1774 1500 1837 postmodum
1526 1792 1549 1819 a
1576 1774 1725 1821 David
1765 1776 1937 1821 comite
1975 1776 2023 1822 in

651 1966 700 2010 (1)
720 1964 782 1999 On
801 1964 967 2011 pourrait
985 1964 1103 1998 croire
1125 1976 1197 2010 que
1220 1970 1326 1998 notre
1347 1970 1478 1998 auteur
1495 1965 1615 1999 aurait
1635 1965 1744 1999 voulu
1764 1966 1906 2001 donner
1926 1969 1944 2002 ὲ
1967 1968 2022 2003 Si-

605 2036 690 2058 mon
708 2024 766 2067 10‘,
786 2025 878 2058 mari
903 2023 948 2058 de
974 2023 1170 2065 mathilde,
1198 2023 1270 2058 fille
1294 2024 1396 2058 ainee
1416 2024 1462 2059 de
1481 2024 1613 2059 Judith
1638 2032 1675 2060 et
1694 2025 1740 2060 de
1762 2026 1969 2071 VValtheoss
1991 2028 2022 2062 la

604 2083 852 2131 qualification
877 2082 922 2116 de
948 2089 1067 2116 comte
1086 2082 1131 2116 de
1151 2082 1288 2124 Senlis;
1312 2083 1401 2117 mais
1423 2083 1513 2117 dans
1535 2096 1575 2118 ce
1601 2096 1659 2118 cas
1686 2084 1712 2118 il
1735 2086 1855 2120 aurait
1874 2086 2023 2121 commis

606 2155 677 2178 une
698 2154 804 2189 grave
822 2154 960 2176 erreur.
986 2142 1113 2177 Simon
1134 2143 1271 2188 portait
1290 2142 1323 2177 le
1345 2155 1430 2177 nom
1451 2143 1496 2177 de
1519 2144 1636 2179 Senlis
1660 2156 1803 2180 comme
1826 2147 2023 2193 originaire

604 2203 649 2238 de
669 2210 763 2237 cette
782 2202 882 2244 ville,
907 2209 942 2237 et
964 2215 1038 2237 nou
1060 2215 1201 2237 comme
1223 2215 1269 2238 en
1293 2205 1394 2238 etant
1416 2203 1449 2238 le
1471 2204 1655 2250 seigneur.
1676 2205 1737 2241 On
1756 2206 1824 2240 sait
1841 2205 2024 2241 d⁷ailleurs

606 2262 695 2310 qu’il
715 2263 802 2297 etait
827 2262 881 2295 fils
905 2262 1016 2309 puine
1035 2262 1122 2296 d'un
1144 2274 1372 2309 personnage
1390 2265 1537 2297 nomme
1555 2264 1907 2300 Rondel-le-Riche.
1928 2266 1960 2300 Il
1979 2278 2022 2301 ne

606 2323 681 2369 prit
698 2322 731 2356 le
747 2322 836 2356 titre
854 2322 897 2355 de
916 2328 1035 2356 comte
1052 2322 1162 2369 qu⁷au
1180 2322 1281 2356 droit
1296 2322 1342 2356 de
1359 2334 1396 2356 sa
1411 2323 1561 2366 femme,
1581 2331 1618 2358 et
1635 2326 1653 2358 a
1669 2325 1789 2359 raison
1809 2324 1871 2360 des
1888 2327 2022 2360 comtes

606 2383 651 2416 de
669 2381 919 2427 Huntingdon
936 2388 973 2415 et
990 2381 1035 2415 de
1053 2381 1345 2428 Northampton,
1367 2382 1499 2429 qu’elle
1518 2383 1570 2417 lui
1588 2384 1681 2418 avait
1698 2387 1868 2431 apportes
1886 2398 1931 2420 en
1949 2398 2023 2420 ma-

606 2442 717 2487 riage.
746 2440 776 2474 Il
802 2447 951 2474 mourut
976 2442 995 2474 a
1020 2440 1051 2474 la
1078 2441 1464 2485 Charite-sur-Loire,
1490 2454 1536 2476 en
1560 2449 1733 2477 revenant
1760 2443 1805 2478 de
1834 2443 1866 2478 la
1889 2445 2021 2479 Terre-

606 2501 743 2536 Sainte.
773 2499 951 2534 Mathilde
977 2501 1066 2535 etait
1094 2501 1196 2535 nicee
1223 2502 1242 2534 ἐι
1267 2500 1298 2534 la
1330 2500 1438 2535 mode
1464 2501 1508 2535 de
1531 2502 1710 2548 Bretagne
1735 2503 1786 2537 du
1812 2503 1866 2537 roi
1891 2504 2018 2539 Henri.

604 2558 740 2601 David,
763 2570 828 2593 son
847 2557 981 2592 second
997 2559 1108 2602 mari,
1134 2559 1165 2593 la
1190 2559 1312 2605 perdit
1334 2571 1379 2593 en
1402 2557 1500 2602 1151,
1522 2567 1558 2594 et
1580 2572 1625 2594 en
1647 2567 1741 2595 resta
1762 2561 2017 2596 inconsolable.

606 2617 636 2652 ll
658 2624 793 2652 ressort
817 2617 879 2652 des
906 2617 1000 2652 roles
1021 2617 1065 2652 de
1090 2610 1316 2666 l’Echiquier
1339 2631 1411 2665 que
1434 2632 1474 2653 ce
1496 2619 1621 2665 prince
1639 2627 1734 2655 resta
1754 2633 1801 2655 en
1823 2622 2019 2668 possession

606 2677 668 2713 des
687 2679 824 2712 comtes
845 2676 890 2712 de
914 2678 1159 2724 Huutingdon
1180 2685 1216 2713 et
1239 2678 1284 2713 de
1306 2679 1581 2725 North-‘impton
1604 2680 1766 2726 pendant
1790 2688 1892 2716 toute
1912 2681 1944 2716 la
1966 2681 2020 2715 vie

605 2737 650 2772 de
664 2737 782 2772 Heuvi
801 2737 856 2777 1⁸,
871 2737 1070 2784 quoiqu’ils
1082 2746 1228 2773 eussent
1243 2738 1293 2774 dfi
1310 2751 1432 2786 passer
1446 2741 1464 2774 a
1482 2739 1608 2775 Simon
1625 2740 1670 2776 de
1684 2741 1812 2785 Senlis,
1832 2741 2020 2777 deuxieme

606 2795 654 2830 du
674 2808 778 2839 nom,
798 2795 1112 2831 immediatenient
1131 2799 1234 2843 apres
1250 2797 1282 2832 la
1303 2805 1403 2832 mort
1421 2798 1467 2832 de
1486 2797 1518 2832 la
1536 2800 1655 2842 reine,
1676 2812 1711 2834 sa
1732 2801 1844 2835 mere.
