<?xml version="1.0" encoding="UTF-8"?>
<!DOCTYPE html PUBLIC "-//W3C//DTD XHTML 1.0 Transitional//EN"
    "http://www.w3.org/TR/xhtml1/DTD/xhtml1-transitional.dtd">
<html xmlns="http://www.w3.org/1999/xhtml" xml:lang="en" lang="en">
 <head>
  <title>
</title>
<meta http-equiv="Content-Type" content="text/html;charset=utf-8" />
  <meta name='ocr-system' content='tesseract 3.04.00' />
  <meta name='ocr-capabilities' content='ocr_page ocr_carea ocr_par ocr_line ocrx_word'/>
</head>
<body>
  <div class='ocr_page' id='page_1' title='image "./ordericivitalish03ordeuoft/ordericivitalish03ordeuoft_0469.png"; bbox 0 0 2033 3445; ppageno 0'>
   <div class='ocr_carea' id='block_1_1' title="bbox 74 314 1471 371">
    <p class='ocr_par' dir='ltr' id='par_1_1' title="bbox 74 314 1471 371">
     <span class='ocr_line' id='line_1_1' title="bbox 74 314 1471 371; baseline -0.024 0"><span class='ocrx_word' id='word_1_1' title='bbox 74 320 209 371; x_wconf 83' lang='lat'>[1091]</span> <span class='ocrx_word' id='word_1_2' title='bbox 556 315 710 354; x_wconf 77' lang='lat' dir='ltr'>LlssER</span> <span class='ocrx_word' id='word_1_3' title='bbox 740 314 985 353; x_wconf 79' lang='lat' dir='ltr'><strong>OCTAVUS.</strong></span> <span class='ocrx_word' id='word_1_4' title='bbox 1399 321 1471 360; x_wconf 83' lang='lat'>371</span> 
     </span>
    </p>
   </div>
   <div class='ocr_carea' id='block_1_2' title="bbox 67 401 1494 2559">
    <p class='ocr_par' dir='ltr' id='par_1_2' title="bbox 67 401 1494 2559">
     <span class='ocr_line' id='line_1_2' title="bbox 71 401 1479 470; baseline 0.001 -17"><span class='ocrx_word' id='word_1_5' title='bbox 71 403 267 470; x_wconf 79' lang='lat' dir='ltr'><strong>nigredo</strong></span> <span class='ocrx_word' id='word_1_6' title='bbox 296 412 343 449; x_wconf 89' lang='lat' dir='ltr'>et</span> <span class='ocrx_word' id='word_1_7' title='bbox 373 402 634 448; x_wconf 81' lang='lat' dir='ltr'>scintillans</span> <span class='ocrx_word' id='word_1_8' title='bbox 659 401 779 465; x_wconf 82' lang='lat' dir='ltr'>ignis</span> <span class='ocrx_word' id='word_1_9' title='bbox 806 401 854 447; x_wconf 89' lang='lat' dir='ltr'>in</span> <span class='ocrx_word' id='word_1_10' title='bbox 878 402 941 447; x_wconf 85' lang='lat' dir='ltr'>eis</span> <span class='ocrx_word' id='word_1_11' title='bbox 965 401 1231 450; x_wconf 84' lang='lat' dir='ltr'>videbatur.</span> <span class='ocrx_word' id='word_1_12' title='bbox 1259 405 1479 455; x_wconf 85' lang='lat' dir='ltr'><strong>Maximis</strong></span> 
     </span>
     <span class='ocr_line' id='line_1_3' title="bbox 69 478 1475 544; baseline 0 -14"><span class='ocrx_word' id='word_1_13' title='bbox 69 497 231 531; x_wconf 87' lang='lat' dir='ltr'>omnes</span> <span class='ocrx_word' id='word_1_14' title='bbox 263 480 393 544; x_wconf 87' lang='lat' dir='ltr'>equis</span> <span class='ocrx_word' id='word_1_15' title='bbox 430 478 721 536; x_wconf 84' lang='lat' dir='ltr'>insidebant,</span> <span class='ocrx_word' id='word_1_16' title='bbox 762 488 808 524; x_wconf 93' lang='lat' dir='ltr'>et</span> <span class='ocrx_word' id='word_1_17' title='bbox 842 478 1064 525; x_wconf 87' lang='lat' dir='ltr'>omnibus</span> <span class='ocrx_word' id='word_1_18' title='bbox 1102 481 1245 526; x_wconf 86' lang='lat' dir='ltr'>armis</span> <span class='ocrx_word' id='word_1_19' title='bbox 1281 485 1475 542; x_wconf 85' lang='lat' dir='ltr'>armati,</span> 
     </span>
     <span class='ocr_line' id='line_1_4' title="bbox 69 555 1481 625; baseline 0.001 -18"><span class='ocrx_word' id='word_1_20' title='bbox 69 561 197 608; x_wconf 86' lang='lat' dir='ltr'>velut</span> <span class='ocrx_word' id='word_1_21' title='bbox 216 557 273 605; x_wconf 88' lang='lat' dir='ltr'>ad</span> <span class='ocrx_word' id='word_1_22' title='bbox 291 557 471 604; x_wconf 90' lang='lat' dir='ltr'>bellum</span> <span class='ocrx_word' id='word_1_23' title='bbox 499 555 803 613; x_wconf 78' lang='lat' dir='ltr'>festinabant,</span> <span class='ocrx_word' id='word_1_24' title='bbox 833 566 879 603; x_wconf 90' lang='lat' dir='ltr'>et</span> <span class='ocrx_word' id='word_1_25' title='bbox 898 557 1157 621; x_wconf 79' lang='lat' dir='ltr'>nigerrima</span> <span class='ocrx_word' id='word_1_26' title='bbox 1184 559 1354 605; x_wconf 68' lang='lat' dir='ltr'>vexilla</span> <span class='ocrx_word' id='word_1_27' title='bbox 1375 577 1481 625; x_wconf 81' lang='lat' dir='ltr'>ges-</span> 
     </span>
     <span class='ocr_line' id='line_1_5' title="bbox 71 633 1482 691; baseline -0.001 -5"><span class='ocrx_word' id='word_1_28' title='bbox 71 636 249 686; x_wconf 83' lang='lat' dir='ltr'>tabant.</span> <span class='ocrx_word' id='word_1_29' title='bbox 277 634 349 681; x_wconf 87' lang='lat' dir='ltr'>lbi</span> <span class='ocrx_word' id='word_1_30' title='bbox 374 634 601 682; x_wconf 88' lang='lat' dir='ltr'>Ricardus</span> <span class='ocrx_word' id='word_1_31' title='bbox 629 645 676 681; x_wconf 91' lang='lat' dir='ltr'>et</span> <span class='ocrx_word' id='word_1_32' title='bbox 701 633 981 691; x_wconf 88' lang='lat' dir='ltr'>Balduinus,</span> <span class='ocrx_word' id='word_1_33' title='bbox 1009 633 1094 680; x_wconf 90' lang='lat' dir='ltr'>filii</span> <span class='ocrx_word' id='word_1_34' title='bbox 1119 634 1371 682; x_wconf 86' lang='lat' dir='ltr'>Gisleberti</span> <span class='ocrx_word' id='word_1_35' title='bbox 1396 654 1482 684; x_wconf 89' lang='lat' dir='ltr'>co-</span> 
     </span>
     <span class='ocr_line' id='line_1_6' title="bbox 71 710 1479 777; baseline -0.001 -16"><span class='ocrx_word' id='word_1_36' title='bbox 71 713 194 762; x_wconf 82' lang='lat' dir='ltr'>mitis</span> <span class='ocrx_word' id='word_1_37' title='bbox 211 712 280 776; x_wconf 76' lang='lat'>(1)</span> <span class='ocrx_word' id='word_1_38' title='bbox 296 750 307 772; x_wconf 82' lang='grc'>,</span> <span class='ocrx_word' id='word_1_39' title='bbox 329 712 410 777; x_wconf 86' lang='lat' dir='ltr'>qui</span> <span class='ocrx_word' id='word_1_40' title='bbox 431 729 582 774; x_wconf 83' lang='lat' dir='ltr'>nuper</span> <span class='ocrx_word' id='word_1_41' title='bbox 601 710 848 769; x_wconf 88' lang='lat' dir='ltr'>obierant,</span> <span class='ocrx_word' id='word_1_42' title='bbox 869 712 954 757; x_wconf 84' lang='lat' dir='ltr'>visi</span> <span class='ocrx_word' id='word_1_43' title='bbox 972 713 1126 769; x_wconf 82' lang='lat' dir='ltr'>suere3</span> <span class='ocrx_word' id='word_1_44' title='bbox 1151 722 1198 758; x_wconf 87' lang='lat' dir='ltr'>et</span> <span class='ocrx_word' id='word_1_45' title='bbox 1215 712 1293 758; x_wconf 89' lang='lat' dir='ltr'>alii</span> <span class='ocrx_word' id='word_1_46' title='bbox 1314 713 1479 772; x_wconf 88' lang='lat' dir='ltr'>multi,</span> 
     </span>
     <span class='ocr_line' id='line_1_7' title="bbox 71 788 1484 857; baseline 0 -20"><span class='ocrx_word' id='word_1_47' title='bbox 71 807 187 857; x_wconf 88' lang='lat' dir='ltr'>quos</span> <span class='ocrx_word' id='word_1_48' title='bbox 207 807 305 837; x_wconf 90' lang='lat' dir='ltr'>non</span> <span class='ocrx_word' id='word_1_49' title='bbox 326 806 515 853; x_wconf 87' lang='lat' dir='ltr'>possum</span> <span class='ocrx_word' id='word_1_50' title='bbox 548 805 846 836; x_wconf 87' lang='lat' dir='ltr'>enumerare.</span> <span class='ocrx_word' id='word_1_51' title='bbox 872 789 1005 836; x_wconf 89' lang='lat' dir='ltr'>Inter</span> <span class='ocrx_word' id='word_1_52' title='bbox 1034 788 1245 854; x_wconf 85' lang='lat' dir='ltr'>reliquos</span> <span class='ocrx_word' id='word_1_53' title='bbox 1275 789 1484 837; x_wconf 85' lang='lat' dir='ltr'>Landri-</span> 
     </span>
     <span class='ocr_line' id='line_1_8' title="bbox 72 866 1481 932; baseline -0.001 -16"><span class='ocrx_word' id='word_1_54' title='bbox 72 888 149 917; x_wconf 88' lang='lat' dir='ltr'>cus</span> <span class='ocrx_word' id='word_1_55' title='bbox 180 868 238 915; x_wconf 90' lang='lat' dir='ltr'>de</span> <span class='ocrx_word' id='word_1_56' title='bbox 261 867 499 924; x_wconf 89' lang='lat' dir='ltr'>Orbecco,</span> <span class='ocrx_word' id='word_1_57' title='bbox 532 868 613 932; x_wconf 88' lang='lat' dir='ltr'>qui</span> <span class='ocrx_word' id='word_1_58' title='bbox 643 866 811 914; x_wconf 88' lang='lat' dir='ltr'>eodem</span> <span class='ocrx_word' id='word_1_59' title='bbox 840 884 966 914; x_wconf 91' lang='lat' dir='ltr'>anno</span> <span class='ocrx_word' id='word_1_60' title='bbox 1000 878 1275 931; x_wconf 88' lang='lat' dir='ltr'>peremptus</span> <span class='ocrx_word' id='word_1_61' title='bbox 1304 868 1481 927; x_wconf 75' lang='lat' dir='ltr'>suerat,</span> 
     </span>
     <span class='ocr_line' id='line_1_9' title="bbox 70 946 1487 1014; baseline -0.001 -19"><span class='ocrx_word' id='word_1_62' title='bbox 70 947 398 1014; x_wconf 79' lang='lat' dir='ltr'>presbyterum</span> <span class='ocrx_word' id='word_1_63' title='bbox 421 946 600 1011; x_wconf 84' lang='lat' dir='ltr'>alloqui</span> <span class='ocrx_word' id='word_1_64' title='bbox 624 946 799 1010; x_wconf 87' lang='lat' dir='ltr'>coepit,</span> <span class='ocrx_word' id='word_1_65' title='bbox 821 947 958 1011; x_wconf 88' lang='lat' dir='ltr'>eique</span> <span class='ocrx_word' id='word_1_66' title='bbox 977 946 1234 1011; x_wconf 81' lang='lat' dir='ltr'>legationes</span> <span class='ocrx_word' id='word_1_67' title='bbox 1254 964 1356 993; x_wconf 90' lang='lat' dir='ltr'>suas</span> <span class='ocrx_word' id='word_1_68' title='bbox 1378 947 1487 995; x_wconf 84' lang='lat' dir='ltr'>hor-</span> 
     </span>
     <span class='ocr_line' id='line_1_10' title="bbox 73 1022 1485 1079; baseline -0.001 -7"><span class='ocrx_word' id='word_1_69' title='bbox 73 1024 277 1072; x_wconf 85' lang='lat' dir='ltr'>ribiliter</span> <span class='ocrx_word' id='word_1_70' title='bbox 314 1022 617 1071; x_wconf 76' lang='lat' dir='ltr'>vociferando</span> <span class='ocrx_word' id='word_1_71' title='bbox 663 1023 923 1079; x_wconf 82' lang='lat' dir='ltr'>intimavit,</span> <span class='ocrx_word' id='word_1_72' title='bbox 969 1040 1022 1069; x_wconf 91' lang='lat' dir='ltr'>ac</span> <span class='ocrx_word' id='word_1_73' title='bbox 1057 1034 1111 1069; x_wconf 92' lang='lat' dir='ltr'>ut</span> <span class='ocrx_word' id='word_1_74' title='bbox 1152 1022 1371 1070; x_wconf 90' lang='lat' dir='ltr'>mandata</span> <span class='ocrx_word' id='word_1_75' title='bbox 1406 1042 1485 1070; x_wconf 89' lang='lat' dir='ltr'>sua</span> 
     </span>
     <span class='ocr_line' id='line_1_11' title="bbox 72 1099 1487 1166; baseline -0.001 -18"><span class='ocrx_word' id='word_1_76' title='bbox 72 1100 208 1148; x_wconf 86' lang='lat' dir='ltr'>uxori</span> <span class='ocrx_word' id='word_1_77' title='bbox 227 1117 321 1146; x_wconf 86' lang='lat' dir='ltr'>suae</span> <span class='ocrx_word' id='word_1_78' title='bbox 342 1099 565 1156; x_wconf 85' lang='lat' dir='ltr'>referret,</span> <span class='ocrx_word' id='word_1_79' title='bbox 587 1116 888 1163; x_wconf 83' lang='lat' dir='ltr'><strong>summopere</strong></span> <span class='ocrx_word' id='word_1_80' title='bbox 910 1099 1114 1163; x_wconf 81' lang='lat' dir='ltr'>rogavit.</span> <span class='ocrx_word' id='word_1_81' title='bbox 1141 1099 1487 1166; x_wconf 87' lang='lat' dir='ltr'>Subsequentes</span> 
     </span>
     <span class='ocr_line' id='line_1_12' title="bbox 71 1174 1488 1241; baseline -0.001 -17"><span class='ocrx_word' id='word_1_82' title='bbox 71 1187 226 1224; x_wconf 89' lang='lat' dir='ltr'>autem</span> <span class='ocrx_word' id='word_1_83' title='bbox 248 1187 418 1223; x_wconf 83' lang='lat' dir='ltr'>turmae</span> <span class='ocrx_word' id='word_1_84' title='bbox 433 1211 445 1232; x_wconf 90' lang='lat'>,</span> <span class='ocrx_word' id='word_1_85' title='bbox 468 1186 516 1222; x_wconf 92' lang='lat' dir='ltr'>et</span> <span class='ocrx_word' id='word_1_86' title='bbox 535 1193 641 1241; x_wconf 84' lang='lat' dir='ltr'>quae</span> <span class='ocrx_word' id='word_1_87' title='bbox 666 1174 1026 1240; x_wconf 83' lang='lat' dir='ltr'>praecedebant,</span> <span class='ocrx_word' id='word_1_88' title='bbox 1058 1174 1203 1223; x_wconf 84' lang='lat' dir='ltr'>verba</span> <span class='ocrx_word' id='word_1_89' title='bbox 1223 1178 1319 1241; x_wconf 86' lang='lat' dir='ltr'>ejus</span> <span class='ocrx_word' id='word_1_90' title='bbox 1341 1177 1488 1223; x_wconf 88' lang='lat' dir='ltr'>inter-</span> 
     </span>
     <span class='ocr_line' id='line_1_13' title="bbox 71 1253 1492 1319; baseline -0.001 -17"><span class='ocrx_word' id='word_1_91' title='bbox 71 1253 336 1319; x_wconf 85' lang='lat' dir='ltr'>rumpendo</span> <span class='ocrx_word' id='word_1_92' title='bbox 354 1253 693 1318; x_wconf 86' lang='lat' dir='ltr'>impediebant,</span> <span class='ocrx_word' id='word_1_93' title='bbox 714 1253 1085 1318; x_wconf 74' lang='lat' dir='ltr'>presbyteroque</span> <span class='ocrx_word' id='word_1_94' title='bbox 1099 1253 1322 1301; x_wconf 85' lang='lat' dir='ltr'>dicebant</span> <span class='ocrx_word' id='word_1_95' title='bbox 1340 1273 1350 1299; x_wconf 93' lang='lat'>:</span> <span class='ocrx_word' id='word_1_96' title='bbox 1369 1253 1492 1300; x_wconf 75' lang='lat' dir='ltr'>Noli</span> 
     </span>
     <span class='ocr_line' id='line_1_14' title="bbox 71 1331 1490 1398; baseline -0.001 -17"><span class='ocrx_word' id='word_1_97' title='bbox 71 1334 262 1381; x_wconf 81' lang='lat' dir='ltr'>credere</span> <span class='ocrx_word' id='word_1_98' title='bbox 278 1333 538 1389; x_wconf 81' lang='lat' dir='ltr'>Landrz&#39;co,</span> <span class='ocrx_word' id='word_1_99' title='bbox 566 1335 680 1398; x_wconf 77' lang='lat' dir='ltr'>quia</span> <span class='ocrx_word' id='word_1_100' title='bbox 698 1333 913 1379; x_wconf 72' lang='lat' dir='ltr'>mendax</span> <span class='ocrx_word' id='word_1_101' title='bbox 933 1345 1018 1379; x_wconf 75' lang='lat' dir='ltr'>est.</span> <span class='ocrx_word' id='word_1_102' title='bbox 1040 1332 1128 1378; x_wconf 89' lang='lat' dir='ltr'>Hic</span> <span class='ocrx_word' id='word_1_103' title='bbox 1146 1331 1344 1379; x_wconf 91' lang='lat' dir='ltr'>Orbecci</span> <span class='ocrx_word' id='word_1_104' title='bbox 1363 1332 1490 1379; x_wconf 82' lang='lat' dir='ltr'>vice-</span> 
     </span>
     <span class='ocr_line' id='line_1_15' title="bbox 70 1409 1491 1474; baseline -0.002 -14"><span class='ocrx_word' id='word_1_105' title='bbox 70 1428 225 1460; x_wconf 87' lang='lat' dir='ltr'>comes</span> <span class='ocrx_word' id='word_1_106' title='bbox 249 1421 296 1458; x_wconf 86' lang='lat' dir='ltr'>et</span> <span class='ocrx_word' id='word_1_107' title='bbox 318 1410 574 1458; x_wconf 86' lang='lat' dir='ltr'>causidicus</span> <span class='ocrx_word' id='word_1_108' title='bbox 598 1410 774 1468; x_wconf 82' lang='lat' dir='ltr'>suerat,</span> <span class='ocrx_word' id='word_1_109' title='bbox 803 1421 850 1457; x_wconf 90' lang='lat' dir='ltr'>et</span> <span class='ocrx_word' id='word_1_110' title='bbox 872 1410 996 1456; x_wconf 84' lang='lat' dir='ltr'>ultra</span> <span class='ocrx_word' id='word_1_111' title='bbox 1023 1410 1199 1457; x_wconf 81' lang='lat' dir='ltr'>natales</span> <span class='ocrx_word' id='word_1_112' title='bbox 1221 1427 1328 1457; x_wconf 90' lang='lat' dir='ltr'>suos</span> <span class='ocrx_word' id='word_1_113' title='bbox 1354 1409 1491 1474; x_wconf 80' lang='lat' dir='ltr'>inge-</span> 
     </span>
     <span class='ocr_line' id='line_1_16' title="bbox 72 1487 1493 1552; baseline -0.001 -17"><span class='ocrx_word' id='word_1_114' title='bbox 72 1489 152 1536; x_wconf 90' lang='lat' dir='ltr'>nio</span> <span class='ocrx_word' id='word_1_115' title='bbox 166 1499 212 1536; x_wconf 92' lang='lat' dir='ltr'>et</span> <span class='ocrx_word' id='word_1_116' title='bbox 225 1488 464 1552; x_wconf 86' lang='lat' dir='ltr'>probitate</span> <span class='ocrx_word' id='word_1_117' title='bbox 475 1487 729 1535; x_wconf 89' lang='lat' dir='ltr'>admodum</span> <span class='ocrx_word' id='word_1_118' title='bbox 742 1497 1034 1535; x_wconf 84' lang='lat' dir='ltr'>excreverat.</span> <span class='ocrx_word' id='word_1_119' title='bbox 1054 1487 1107 1534; x_wconf 86' lang='lat' dir='ltr'>In</span> <span class='ocrx_word' id='word_1_120' title='bbox 1120 1487 1323 1552; x_wconf 84' lang='lat' dir='ltr'>negotiis</span> <span class='ocrx_word' id='word_1_121' title='bbox 1336 1497 1382 1534; x_wconf 89' lang='lat' dir='ltr'>et</span> <span class='ocrx_word' id='word_1_122' title='bbox 1395 1487 1493 1551; x_wconf 86' lang='lat' dir='ltr'>pla-</span> 
     </span>
     <span class='ocr_line' id='line_1_17' title="bbox 71 1563 1492 1630; baseline -0.001 -18"><span class='ocrx_word' id='word_1_123' title='bbox 71 1566 173 1612; x_wconf 88' lang='lat' dir='ltr'>citis</span> <span class='ocrx_word' id='word_1_124' title='bbox 192 1564 250 1612; x_wconf 89' lang='lat' dir='ltr'>ad</span> <span class='ocrx_word' id='word_1_125' title='bbox 268 1564 459 1611; x_wconf 89' lang='lat' dir='ltr'>libitum</span> <span class='ocrx_word' id='word_1_126' title='bbox 473 1563 738 1630; x_wconf 87' lang='lat' dir='ltr'>judicabat,</span> <span class='ocrx_word' id='word_1_127' title='bbox 766 1575 812 1610; x_wconf 91' lang='lat' dir='ltr'>et</span> <span class='ocrx_word' id='word_1_128' title='bbox 830 1581 922 1627; x_wconf 88' lang='lat' dir='ltr'>pro</span> <span class='ocrx_word' id='word_1_129' title='bbox 941 1565 1216 1628; x_wconf 86' lang='lat' dir='ltr'>acceptione</span> <span class='ocrx_word' id='word_1_130' title='bbox 1235 1580 1492 1611; x_wconf 90' lang='lat' dir='ltr'>munerum</span> 
     </span>
     <span class='ocr_line' id='line_1_18' title="bbox 67 1639 1489 1706; baseline -0.001 -18"><span class='ocrx_word' id='word_1_131' title='bbox 67 1641 238 1706; x_wconf 88' lang='lat' dir='ltr'>judicia</span> <span class='ocrx_word' id='word_1_132' title='bbox 270 1641 601 1706; x_wconf 85' lang='lat' dir='ltr'>pervertebat,</span> <span class='ocrx_word' id='word_1_133' title='bbox 631 1640 875 1706; x_wconf 81' lang='lat' dir='ltr'>magisque</span> <span class='ocrx_word' id='word_1_134' title='bbox 907 1639 1154 1704; x_wconf 83' lang='lat' dir='ltr'>cupiditati</span> <span class='ocrx_word' id='word_1_135' title='bbox 1192 1650 1240 1687; x_wconf 89' lang='lat' dir='ltr'>et</span> <span class='ocrx_word' id='word_1_136' title='bbox 1271 1639 1489 1697; x_wconf 81' lang='lat' dir='ltr'>falsitati,</span> 
     </span>
     <span class='ocr_line' id='line_1_19' title="bbox 72 1718 1491 1785; baseline -0.001 -19"><span class='ocrx_word' id='word_1_137' title='bbox 72 1737 213 1785; x_wconf 90' lang='lat' dir='ltr'>quam</span> <span class='ocrx_word' id='word_1_138' title='bbox 231 1718 507 1767; x_wconf 86' lang='lat' dir='ltr'>rectitudini</span> <span class='ocrx_word' id='word_1_139' title='bbox 532 1719 784 1766; x_wconf 87' lang='lat' dir='ltr'>serviebat.</span> <span class='ocrx_word' id='word_1_140' title='bbox 811 1718 949 1765; x_wconf 90' lang='lat' dir='ltr'>Unde</span> <span class='ocrx_word' id='word_1_141' title='bbox 977 1719 1154 1766; x_wconf 87' lang='lat' dir='ltr'>merito</span> <span class='ocrx_word' id='word_1_142' title='bbox 1179 1719 1227 1765; x_wconf 90' lang='lat' dir='ltr'>in</span> <span class='ocrx_word' id='word_1_143' title='bbox 1247 1719 1491 1783; x_wconf 87' lang='lat' dir='ltr'>suppliciis</span> 
     </span>
     <span class='ocr_line' id='line_1_20' title="bbox 73 1796 1492 1862; baseline -0.002 -17"><span class='ocrx_word' id='word_1_144' title='bbox 73 1799 277 1862; x_wconf 86' lang='lat' dir='ltr'>turpiter</span> <span class='ocrx_word' id='word_1_145' title='bbox 305 1798 550 1845; x_wconf 89' lang='lat' dir='ltr'>devotatus</span> <span class='ocrx_word' id='word_1_146' title='bbox 572 1808 664 1855; x_wconf 90' lang='lat' dir='ltr'>est,</span> <span class='ocrx_word' id='word_1_147' title='bbox 698 1808 745 1844; x_wconf 92' lang='lat' dir='ltr'>et</span> <span class='ocrx_word' id='word_1_148' title='bbox 767 1815 792 1843; x_wconf 90' lang='lat' dir='ltr'>a</span> <span class='ocrx_word' id='word_1_149' title='bbox 823 1796 1136 1860; x_wconf 89' lang='lat' dir='ltr'>complicibus</span> <span class='ocrx_word' id='word_1_150' title='bbox 1160 1797 1253 1843; x_wconf 90' lang='lat' dir='ltr'>suis</span> <span class='ocrx_word' id='word_1_151' title='bbox 1285 1796 1492 1844; x_wconf 84' lang='lat' dir='ltr'>mendax</span> 
     </span>
     <span class='ocr_line' id='line_1_21' title="bbox 72 1872 1494 1940; baseline -0.002 -18"><span class='ocrx_word' id='word_1_152' title='bbox 72 1876 313 1923; x_wconf 81' lang='lat' dir='ltr'>manifeste</span> <span class='ocrx_word' id='word_1_153' title='bbox 330 1875 591 1940; x_wconf 88' lang='lat' dir='ltr'>appellatus</span> <span class='ocrx_word' id='word_1_154' title='bbox 609 1885 695 1922; x_wconf 85' lang='lat' dir='ltr'>est.</span> <span class='ocrx_word' id='word_1_155' title='bbox 719 1876 774 1921; x_wconf 91' lang='lat' dir='ltr'>In</span> <span class='ocrx_word' id='word_1_156' title='bbox 793 1873 883 1921; x_wconf 86' lang='lat' dir='ltr'>hoe</span> <span class='ocrx_word' id='word_1_157' title='bbox 901 1874 1118 1920; x_wconf 88' lang='lat' dir='ltr'>examine</span> <span class='ocrx_word' id='word_1_158' title='bbox 1142 1873 1301 1920; x_wconf 92' lang='lat' dir='ltr'>nullus</span> <span class='ocrx_word' id='word_1_159' title='bbox 1326 1874 1366 1920; x_wconf 89' lang='lat' dir='ltr'>ei</span> <span class='ocrx_word' id='word_1_160' title='bbox 1386 1872 1494 1920; x_wconf 89' lang='lat' dir='ltr'>adu-</span> 
     </span>
     <span class='ocr_line' id='line_1_22' title="bbox 72 1949 1491 2016; baseline -0.002 -18"><span class='ocrx_word' id='word_1_161' title='bbox 72 1951 274 2010; x_wconf 88' lang='lat' dir='ltr'>labatur,</span> <span class='ocrx_word' id='word_1_162' title='bbox 310 1968 397 1998; x_wconf 86' lang='lat' dir='ltr'>nec</span> <span class='ocrx_word' id='word_1_163' title='bbox 427 1951 668 2016; x_wconf 82' lang='lat' dir='ltr'>ingeniosa</span> <span class='ocrx_word' id='word_1_164' title='bbox 696 1950 982 2015; x_wconf 85' lang='lat' dir='ltr'>loquacitate</span> <span class='ocrx_word' id='word_1_165' title='bbox 1005 1967 1084 1996; x_wconf 88' lang='lat' dir='ltr'>sua</span> <span class='ocrx_word' id='word_1_166' title='bbox 1116 1950 1157 1995; x_wconf 91' lang='lat' dir='ltr'>ei</span> <span class='ocrx_word' id='word_1_167' title='bbox 1182 1949 1354 2014; x_wconf 88' lang='lat' dir='ltr'>aliquis</span> <span class='ocrx_word' id='word_1_168' title='bbox 1382 1965 1491 2013; x_wconf 87' lang='lat' dir='ltr'>pre·</span> 
     </span>
     <span class='ocr_line' id='line_1_23' title="bbox 73 2025 1491 2093; baseline -0.002 -17"><span class='ocrx_word' id='word_1_169' title='bbox 73 2027 284 2076; x_wconf 89' lang='lat' dir='ltr'>cabatur.</span> <span class='ocrx_word' id='word_1_170' title='bbox 314 2029 520 2086; x_wconf 85' lang='lat' dir='ltr'>Verum,</span> <span class='ocrx_word' id='word_1_171' title='bbox 546 2029 655 2093; x_wconf 87' lang='lat' dir='ltr'>quia</span> <span class='ocrx_word' id='word_1_172' title='bbox 673 2027 787 2074; x_wconf 88' lang='lat' dir='ltr'>dum</span> <span class='ocrx_word' id='word_1_173' title='bbox 806 2038 994 2091; x_wconf 86' lang='lat' dir='ltr'>poterat</span> <span class='ocrx_word' id='word_1_174' title='bbox 1011 2044 1148 2074; x_wconf 89' lang='lat' dir='ltr'>aures</span> <span class='ocrx_word' id='word_1_175' title='bbox 1170 2044 1272 2073; x_wconf 89' lang='lat' dir='ltr'>suas</span> <span class='ocrx_word' id='word_1_176' title='bbox 1302 2025 1360 2073; x_wconf 88' lang='lat' dir='ltr'>ad</span> <span class='ocrx_word' id='word_1_177' title='bbox 1388 2027 1491 2074; x_wconf 91' lang='lat' dir='ltr'>cla-</span> 
     </span>
     <span class='ocr_line' id='line_1_24' title="bbox 73 2106 1490 2172; baseline -0.001 -18"><span class='ocrx_word' id='word_1_178' title='bbox 73 2124 226 2154; x_wconf 89' lang='lat' dir='ltr'>mores</span> <span class='ocrx_word' id='word_1_179' title='bbox 260 2108 479 2172; x_wconf 87' lang='lat' dir='ltr'>pauperis</span> <span class='ocrx_word' id='word_1_180' title='bbox 507 2106 734 2154; x_wconf 85' lang='lat' dir='ltr'>obturare</span> <span class='ocrx_word' id='word_1_181' title='bbox 768 2107 932 2154; x_wconf 89' lang='lat' dir='ltr'>solitus</span> <span class='ocrx_word' id='word_1_182' title='bbox 966 2118 1060 2164; x_wconf 90' lang='lat' dir='ltr'>est,</span> <span class='ocrx_word' id='word_1_183' title='bbox 1096 2125 1225 2153; x_wconf 90' lang='lat' dir='ltr'>nunc</span> <span class='ocrx_word' id='word_1_184' title='bbox 1249 2117 1408 2153; x_wconf 87' lang='lat' dir='ltr'>autem</span> <span class='ocrx_word' id='word_1_185' title='bbox 1441 2107 1490 2153; x_wconf 91' lang='lat' dir='ltr'>in</span> 
     </span>
     <span class='ocr_line' id='line_1_25' title="bbox 74 2184 1491 2249; baseline -0.001 -17"><span class='ocrx_word' id='word_1_186' title='bbox 74 2186 339 2242; x_wconf 84' lang='lat' dir='ltr'>tormentis,</span> <span class='ocrx_word' id='word_1_187' title='bbox 367 2197 420 2232; x_wconf 92' lang='lat' dir='ltr'>ut</span> <span class='ocrx_word' id='word_1_188' title='bbox 438 2185 732 2242; x_wconf 76' lang='lat' dir='ltr'>execrabilis,</span> <span class='ocrx_word' id='word_1_189' title='bbox 754 2184 916 2232; x_wconf 88' lang='lat' dir='ltr'>auditu</span> <span class='ocrx_word' id='word_1_190' title='bbox 937 2184 1176 2249; x_wconf 82' lang='lat' dir='ltr'>indignus,</span> <span class='ocrx_word' id='word_1_191' title='bbox 1199 2185 1400 2232; x_wconf 88' lang='lat' dir='ltr'>omnino</span> <span class='ocrx_word' id='word_1_192' title='bbox 1414 2186 1491 2249; x_wconf 89' lang='lat' dir='ltr'>ju-</span> 
     </span>
     <span class='ocr_line' id='line_1_26' title="bbox 73 2261 1490 2328; baseline -0.001 -19"><span class='ocrx_word' id='word_1_193' title='bbox 73 2261 249 2310; x_wconf 86' lang='lat' dir='ltr'>dicatus</span> <span class='ocrx_word' id='word_1_194' title='bbox 270 2274 353 2310; x_wconf 89' lang='lat' dir='ltr'>est.</span> <span class='ocrx_word' id='word_1_195' title='bbox 378 2262 715 2310; x_wconf 83' lang='lat' dir='ltr'>Gualchelmus</span> <span class='ocrx_word' id='word_1_196' title='bbox 740 2274 921 2321; x_wconf 88' lang='lat' dir='ltr'>autem,</span> <span class='ocrx_word' id='word_1_197' title='bbox 951 2274 1201 2328; x_wconf 89' lang='lat' dir='ltr'>postquam</span> <span class='ocrx_word' id='word_1_198' title='bbox 1225 2262 1490 2308; x_wconf 90' lang='lat' dir='ltr'>multorum</span> 
     </span>
     <span class='ocr_line' id='line_1_27' title="bbox 75 2341 1490 2407; baseline -0.001 -20"><span class='ocrx_word' id='word_1_199' title='bbox 75 2342 277 2388; x_wconf 89' lang='lat' dir='ltr'>militum</span> <span class='ocrx_word' id='word_1_200' title='bbox 308 2343 472 2407; x_wconf 82' lang='lat' dir='ltr'>ingens</span> <span class='ocrx_word' id='word_1_201' title='bbox 503 2341 672 2389; x_wconf 89' lang='lat' dir='ltr'>cohors</span> <span class='ocrx_word' id='word_1_202' title='bbox 701 2342 1001 2406; x_wconf 83' lang='lat' dir='ltr'>pertransiit,</span> <span class='ocrx_word' id='word_1_203' title='bbox 1036 2342 1161 2389; x_wconf 86' lang='lat' dir='ltr'>intra</span> <span class='ocrx_word' id='word_1_204' title='bbox 1187 2341 1490 2404; x_wconf 87' lang='lat' dir='ltr'>semetipsum</span> 
     </span>
     <span class='ocr_line' id='line_1_28' title="bbox 74 2416 1493 2482; baseline -0.001 -19"><span class='ocrx_word' id='word_1_205' title='bbox 74 2417 138 2464; x_wconf 86' lang='lat' dir='ltr'>sic</span> <span class='ocrx_word' id='word_1_206' title='bbox 153 2419 362 2482; x_wconf 83' lang='lat' dir='ltr'>cogitare</span> <span class='ocrx_word' id='word_1_207' title='bbox 379 2420 528 2482; x_wconf 87' lang='lat' dir='ltr'>coepit</span> <span class='ocrx_word' id='word_1_208' title='bbox 550 2438 560 2464; x_wconf 76' lang='grc' dir='ltr'>ε</span> <span class='ocrx_word' id='word_1_209' title='bbox 582 2420 631 2464; x_wconf 87' lang='lat' dir='ltr'><em>H</em></span> <span class='ocrx_word' id='word_1_210' title='bbox 635 2436 707 2465; x_wconf 75' lang='lat' dir='ltr'>(ec</span> <span class='ocrx_word' id='word_1_211' title='bbox 719 2422 820 2465; x_wconf 77' lang='lat' dir='ltr'>sine</span> <span class='ocrx_word' id='word_1_212' title='bbox 838 2418 984 2464; x_wconf 77' lang='lat' dir='ltr'>dubio</span> <span class='ocrx_word' id='word_1_213' title='bbox 985 2418 1193 2482; x_wconf 77' lang='lat' dir='ltr'>familia</span> <span class='ocrx_word' id='word_1_214' title='bbox 1212 2416 1493 2463; x_wconf 76' lang='lat' dir='ltr'>Herleclzz&#39;ni</span> 
     </span>
     <span class='ocr_line' id='line_1_29' title="bbox 77 2496 1488 2559; baseline 0.001 -19"><span class='ocrx_word' id='word_1_215' title='bbox 77 2507 142 2542; x_wconf 77' lang='lat' dir='ltr'>est</span> <span class='ocrx_word' id='word_1_216' title='bbox 160 2497 259 2559; x_wconf 84' lang='lat'>(2);</span> <span class='ocrx_word' id='word_1_217' title='bbox 289 2514 321 2542; x_wconf 89' lang='grc' dir='ltr'><em>α</em></span> <span class='ocrx_word' id='word_1_218' title='bbox 352 2497 514 2543; x_wconf 78' lang='lat' dir='ltr'>multis</span> <span class='ocrx_word' id='word_1_219' title='bbox 548 2515 655 2543; x_wconf 79' lang='lat' dir='ltr'>eam</span> <span class='ocrx_word' id='word_1_220' title='bbox 683 2497 796 2543; x_wconf 78' lang='lat' dir='ltr'>olim</span> <span class='ocrx_word' id='word_1_221' title='bbox 826 2499 982 2543; x_wconf 75' lang='lat' dir='ltr'>visam</span> <span class='ocrx_word' id='word_1_222' title='bbox 1007 2496 1200 2552; x_wconf 54' lang='lat' dir='ltr'>audivi,</span> <span class='ocrx_word' id='word_1_223' title='bbox 1222 2496 1311 2542; x_wconf 79' lang='lat' dir='ltr'>sed</span> <span class='ocrx_word' id='word_1_224' title='bbox 1332 2499 1488 2541; x_wconf 81' lang='lat' dir='ltr'>incre-</span> 
     </span>
    </p>
   </div>
   <div class='ocr_carea' id='block_1_3' title="bbox 82 2626 233 2633">
    <p class='ocr_par' dir='ltr' id='par_1_3' title="bbox 82 2626 233 2633">
     <span class='ocr_line' id='line_1_30' title="bbox 82 2626 233 2633; baseline 0 812"><span class='ocrx_word' id='word_1_225' title='bbox 82 2626 233 2633; x_wconf 95' lang='lat' dir='ltr'> </span> 
     </span>
    </p>
   </div>
   <div class='ocr_carea' id='block_1_4' title="bbox 77 2704 1488 2872">
    <p class='ocr_par' dir='ltr' id='par_1_4' title="bbox 77 2704 1488 2872">
     <span class='ocr_line' id='line_1_31' title="bbox 120 2704 1484 2749; baseline 0.001 -11"><span class='ocrx_word' id='word_1_226' title='bbox 120 2704 169 2749; x_wconf 85' lang='lat'>(1)</span> <span class='ocrx_word' id='word_1_227' title='bbox 187 2704 350 2740; x_wconf 83' lang='lat' dir='ltr'>Richard</span> <span class='ocrx_word' id='word_1_228' title='bbox 369 2706 414 2740; x_wconf 92' lang='lat' dir='ltr'>de</span> <span class='ocrx_word' id='word_1_229' title='bbox 432 2706 610 2741; x_wconf 72' lang='lat' dir='ltr'>Biensaite</span> <span class='ocrx_word' id='word_1_230' title='bbox 628 2713 665 2742; x_wconf 85' lang='lat' dir='ltr'>et</span> <span class='ocrx_word' id='word_1_231' title='bbox 686 2706 877 2741; x_wconf 79' lang='lat' dir='ltr'>Baudouin</span> <span class='ocrx_word' id='word_1_232' title='bbox 894 2706 939 2740; x_wconf 88' lang='lat' dir='ltr'>de</span> <span class='ocrx_word' id='word_1_233' title='bbox 961 2706 1117 2749; x_wconf 69' lang='lat' dir='ltr'>Montes,</span> <span class='ocrx_word' id='word_1_234' title='bbox 1141 2705 1196 2740; x_wconf 81' lang='lat' dir='ltr'>fils</span> <span class='ocrx_word' id='word_1_235' title='bbox 1215 2705 1260 2740; x_wconf 85' lang='lat' dir='ltr'>de</span> <span class='ocrx_word' id='word_1_236' title='bbox 1281 2705 1484 2745; x_wconf 72' lang='lat' dir='ltr'>Gislebert,</span> 
     </span>
     <span class='ocr_line' id='line_1_32' title="bbox 77 2765 444 2800; baseline 0.014 -5"><span class='ocrx_word' id='word_1_237' title='bbox 77 2771 194 2798; x_wconf 87' lang='lat' dir='ltr'>comte</span> <span class='ocrx_word' id='word_1_238' title='bbox 210 2765 254 2799; x_wconf 88' lang='lat' dir='ltr'>de</span> <span class='ocrx_word' id='word_1_239' title='bbox 273 2766 444 2800; x_wconf 85' lang='lat' dir='ltr'>Brionnc.</span> 
     </span>
     <span class='ocr_line' id='line_1_33' title="bbox 122 2823 1488 2872; baseline -0.001 -13"><span class='ocrx_word' id='word_1_240' title='bbox 122 2823 170 2866; x_wconf 68' lang='lat'>(9.)</span> <span class='ocrx_word' id='word_1_241' title='bbox 198 2824 293 2859; x_wconf 61' lang='lat' dir='ltr'>C&#39;est</span> <span class='ocrx_word' id='word_1_242' title='bbox 322 2838 360 2859; x_wconf 85' lang='lat' dir='ltr'>ce</span> <span class='ocrx_word' id='word_1_243' title='bbox 389 2826 498 2871; x_wconf 75' lang='lat' dir='ltr'>qu&#39;on</span> <span class='ocrx_word' id='word_1_244' title='bbox 530 2825 669 2872; x_wconf 72' lang='lat' dir='ltr'>appelle</span> <span class='ocrx_word' id='word_1_245' title='bbox 699 2838 830 2860; x_wconf 69' lang='lat' dir='ltr'>encore</span> <span class='ocrx_word' id='word_1_246' title='bbox 860 2825 948 2859; x_wconf 78' lang='lat' dir='ltr'>dans</span> <span class='ocrx_word' id='word_1_247' title='bbox 973 2838 1037 2861; x_wconf 84' lang='lat' dir='ltr'>nos</span> <span class='ocrx_word' id='word_1_248' title='bbox 1065 2838 1282 2872; x_wconf 71' lang='lat' dir='ltr'>campagnes</span> <span class='ocrx_word' id='word_1_249' title='bbox 1307 2825 1339 2858; x_wconf 81' lang='lat' dir='ltr'>la</span> <span class='ocrx_word' id='word_1_250' title='bbox 1364 2825 1488 2858; x_wconf 86' lang='lat' dir='ltr'>chasse</span> 
     </span>
    </p>
   </div>
  </div>
 </body>
</html>
