2033 3445
533 298 684 337 LIBER
712 297 957 336 OCTAVUS.
1367 302 1441 338 287

37 388 250 434 militiam
282 384 513 441 deseruit,
550 395 596 430 et
629 385 774 430 factus
807 382 1092 439 monachus,
1127 384 1232 446 plus
1268 387 1448 430 cunetis

37 461 267 511 sodalibus
291 461 383 506 suis
410 463 458 507 in
494 459 781 506 monachatu
816 458 1080 516 desudavit,
1115 471 1162 505 et
1191 460 1290 506 fere
1312 461 1449 524 quin-

37 541 253 607 quaginta
275 540 408 585 annis
430 539 479 584 in
501 537 669 584 ordine
687 536 944 584 monachili
967 536 1173 583 fervidus
1195 538 1331 583 vixit.
1360 538 1447 583 Hic,

37 619 260 666 nimirum
288 616 491 662 ecclesiae
511 634 604 661 suae
629 615 822 661 utilitati
848 615 954 660 satis
982 615 1208 673 inhiavit,
1228 632 1317 678 pro
1338 616 1449 679 qui-

38 697 121 743 bus
136 695 460 741 Britannicum
479 693 670 757 pelagus
684 693 925 739 multoties
943 693 1287 748 transfretavit,
1311 703 1450 757 atque

38 773 253 836 Apuliam
302 783 349 817 et
390 771 685 829 Calabriam,
723 770 1049 833 Siciliamque,
1094 781 1147 815 ut
1190 769 1247 816 de
1290 771 1451 834 spoliis

38 861 284 916 parentum
312 866 504 896 suorum
527 849 732 895 ecclesiae
766 866 859 894 suae
892 847 1151 894 subsidium
1177 847 1451 912 suppedita-

39 940 123 985 ret,
140 928 422 991 penetravit.
442 928 576 972 Tunc
592 925 1145 981 Guillelmum‚al)bat‹.³m
1160 926 1342 972 Sanctae
1360 927 1449 972 Eu-

38 1006 201 1056 semiae‚
219 1006 414 1050 fratrem
433 1020 583 1058 suum,
600 1013 646 1049 et
667 1002 976 1048 Guillelmum
996 1002 1051 1048 de
1068 1003 1450 1056 GrantemaisniL

39 1081 377 1129 consobrinum
401 1098 534 1126 suum
555 1081 626 1143 (ι)
642 1116 653 1135 ,
680 1080 888 1144 aliosque
907 1091 1133 1144 cognatos
1156 1098 1262 1126 suos
1288 1080 1334 1126 in
1360 1082 1452 1126 Ita-

40 1160 96 1205 lia
136 1158 445 1222 locupletatos
478 1157 618 1214 adiit,
652 1158 854 1221 ipsisque
891 1156 1096 1221 benigna
1137 1159 1182 1203 vi
1220 1169 1448 1222 quantum

39 1237 212 1300 potuit,
246 1247 297 1281 ut
328 1236 616 1282 monasterio
643 1251 725 1280 suo
750 1234 1012 1291 conferret,
1049 1234 1258 1280 abstulit.
1285 1222 1361 1281 Sic
1395 1234 1452 1281 clv¹

39 1313 175 1360 rebus
194 1323 444 1376 parentum
466 1330 661 1359 suorum
681 1322 902 1368 ornatus,
925 1323 971 1357 et
993 1312 1078 1357 alia
1109 1312 1355 1358 commoda
1376 1329 1451 1358 ec-

1101 1391 1296 1435 ouineos
1329 1391 1454 1436 utili-

1100 1426 1127 1453 n

40 1467 209 1514 tatibus
252 1467 521 1514 monasterii
559 1466 839 1530 subjugavit.
883 1466 1054 1511 Multas
1092 1467 1284 1530 injurias
1315 1478 1454 1530 atque

41 1392 187 1439 clesiae
218 1408 311 1436 suae
347 1390 644 1454 procuravit,
679 1390 894 1453 ipsosque
922 1407 1092 1435 consan

39 1546 240 1608 repulsas
278 1544 495 1607 plurimis
532 1544 578 1588 in
616 1544 730 1589 locis
763 1543 990 1606 pertulit,
1025 1542 1102 1588 sed
1137 1543 1196 1588 ab
1239 1544 1452 1606 incoepto

41 1634 234 1680 conatu,
261 1623 371 1668 lieet
396 1622 615 1685 plurimis
640 1620 999 1667 adversitatibus
1021 1620 1261 1666 interdum
1284 1632 1330 1667 ct
1353 1621 1449 1666 su»

40 1712 234 1764 quenter
274 1700 599 1763 impediretur,
642 1698 812 1761 depelli
848 1717 942 1744 non
983 1699 1156 1761 potuit.
1196 1698 1454 1745 Praedictus

41 1780 112 1824 vir
137 1778 206 1824 his
242 1789 288 1824 et
322 1777 585 1842 hujusmodi
621 1776 798 1822 nisibus
838 1787 906 1821 sat
946 1777 1210 1838 procaciter
1248 1776 1450 1834 studuit,

41 1857 224 1920 ejusque
241 1854 394 1902 studio
416 1854 633 1902 conditus
650 1871 789 1916 super
813 1854 1045 1898 tumulum
1058 1853 1215 1899 fratris
1235 1855 1321 1910 sui,
1346 1854 1456 1917 lapi-

41 1933 148 1980 deus
182 1951 316 1979 arcus
355 1949 500 1996 usque
538 1931 675 1978 hodie
714 1931 944 1978 consistit.
985 1930 1239 1978 Rainaldus
1278 1932 1451 1994 pictor,

43 2021 355 2075 cognomento
394 2009 763 2064 Bai-tolomaeus‚
813 2009 953 2054 variis
1003 2008 1242 2054 coloribus
1292 2026 1452 2054 areum

43 2088 368 2152 tumulumque
392 2086 634 2150 depinxit,
665 2097 711 2132 et
743 2086 910 2132 Vitatis
937 2085 1230 2150 Angligena,
1265 2087 1372 2131 satis
1396 2085 1455 2131 ab

41 2165 250 2213 Ernaldo
286 2177 500 2230 rogatuS,
540 2164 831 2228 epitaphium
870 2165 1083 2229 elegiacis
1121 2164 1331 2210 versibus
1368 2163 1456 2209 hoc

44 2243 182 2291 modo
201 2243 346 2290 edidit
375 2264 384 2288 :

183 2348 258 2380 Hoc
276 2347 312 2380 in
336 2346 517 2380 mausoleo
538 2345 748 2379 Rodbcrtns
767 2344 811 2378 dc
831 2344 1034 2379 llodvlcnto

222 2406 407 2440 Conditor
426 2406 587 2439 humano
608 2417 709 2439 more
727 2405 791 2439 soli
814 2405 966 2450 gremio.

183 2465 293 2499 Filius
313 2465 489 2508 Unfrmh,
511 2466 692 2500 Dacorum
713 2471 893 2511 spermate
916 2465 987 2498 nati
1001 2492 1009 2506 ,

227 2526 347 2559 Fortis
363 2533 398 2559 et
419 2526 571 2561 illustris
591 2527 658 2559 iste
678 2525 916 2569 snitjnvcnis.

182 2584 336 2631 Dapsilis
352 2592 388 2619 et
405 2598 568 2632 pugnax,
588 2585 708 2631 agilis,
728 2584 909 2617 formosus
929 2589 966 2617 ot
984 2582 1099 2616 audax

53 2677 155 2684 *-
158 2677 1455 2686 fflm——ffl

96 2740 143 2785 (i)
161 2741 391 2782 Guillaume,
415 2742 547 2776 second
571 2742 623 2776 fils
643 2743 686 2775 tle
706 2743 839 2787 lingue
857 2741 1189 2775 deGreiit‹·1n‹*snil
1209 2748 1239 2773 ct
1264 2740 1398 2785 gondri*
1417 2740 1460 2772 (lv

49 2797 183 2833 Robort
203 2801 398 2834 Guiscard.
