2085 3455
523 350 543 383 2
881 341 1121 377 HISTORIA
1153 340 1548 378 ECCLESIASTICA.

519 433 672 495 operis
695 431 860 476 florem
883 428 1181 491 fructumque
1207 426 1377 473 obnixa
1397 436 1634 489 expeteret
1651 425 1906 478 voluntate,

519 520 562 553 et
594 507 810 553 ardenter
847 513 1223 566 perscrutaretur
1262 502 1415 548 sedula
1452 502 1816 564 perspicacitate.
1856 501 1907 544 In

515 586 775 648 priscorum
803 579 1040 645 questibus
1065 579 1164 624 haec
1189 579 1466 641 plerumque
1486 578 1703 640 legimus,
1731 588 1777 622 et
1798 577 1910 622 iusi-

517 676 628 724 gnes
651 656 920 711 didascalos,
946 653 1002 699 de
1022 670 1215 699 suorum
1234 651 1610 697 insultationibus
1627 651 1909 697 aemulorum

516 738 802 799 plangentes,
828 732 1091 796 plangimus
1113 731 1201 793 (1).
1225 730 1565 791 Hieronymum
1578 740 1622 774 et
1638 729 1906 791 Origcnem,

516 814 721 876 aliosque
756 810 971 857 doctores
1002 807 1058 854 de
1093 806 1464 853 cavillationibus
1496 805 1839 852 oblatratorum
1863 807 1911 849 in,

517 887 871 954 allegationibus
891 886 981 932 suis
1008 895 1286 949 conquestos
1310 884 1567 939 cernimus,
1593 894 1639 928 et
1662 883 1912 928 contrista—

519 986 625 1014 mur
654 965 781 1031 quod
806 965 889 1010 hac
921 963 977 1009 de
1011 980 1141 1009 causa
1169 961 1340 1008 nostris
1364 961 1508 1006 multa
1539 961 1771 1023 praecipua
1796 958 1912 1004 sub-

520 1055 663 1091 tracta
688 1053 794 1089 sunt
817 1040 1082 1096 obtutibus,
1106 1039 1217 1085 dum
1237 1039 1414 1085 dicaces
1437 1039 1652 1101 sophistae
1678 1037 1912 1082 malebant

520 1123 565 1167 in
589 1121 686 1167 otio
714 1120 974 1184 quiescere,
1002 1134 1141 1180 quam
1161 1115 1315 1161 abdita
1336 1115 1506 1161 diserte
1534 1113 1813 1178 proferendo
1837 1114 1910 1159 la-

518 1198 711 1253 borare,
739 1207 784 1242 et
816 1194 1051 1241 maledicis
1084 1192 1438 1239 corrodentium
1463 1191 1707 1237 latratibus
1731 1202 1907 1254 patere.

520 1275 844 1321 Conticescant
862 1272 1057 1319 obsecro
1076 1282 1122 1316 et
1147 1270 1409 1334 quiescant,
1433 1270 1512 1333 qui
1535 1285 1619 1315 nec
1642 1286 1719 1315 sua
1738 1268 1882 1314 edunt
1896 1305 1906 1323 ,

518 1369 603 1399 nec
619 1352 765 1398 aliena
784 1350 986 1412 benigne
1001 1348 1274 1410 suscipiunt,
1297 1364 1397 1402 nec,
1418 1347 1454 1392 si
1473 1345 1586 1410 quid
1598 1347 1661 1392 eis
1676 1345 1907 1408 displicet,

519 1426 707 1491 pacifice
726 1426 988 1488 corrigunt.
1011 1424 1199 1468 Discant
1224 1440 1272 1468 ea
1298 1440 1403 1486 quae
1426 1423 1662 1478 nesciuut3
1686 1432 1754 1477 et,
1779 1421 1813 1466 si
1834 1421 1910 1466 di-

518 1519 644 1550 scere
665 1511 919 1565 nequeunt,
941 1500 1178 1563 patiantur
1197 1499 1356 1544 saltem
1381 1497 1695 1560 symmathites
1713 1499 1782 1560 (2)
1808 1515 1910 1543 suos

521 1581 656 1627 edere
679 1596 783 1644 quae
808 1577 1037 1624 sentiunt!

581 1659 648 1703 De
681 1656 885 1702 humano
909 1665 1030 1699 statu
1053 1655 1299 1718 lapsuque,
1332 1652 1388 1698 de
1414 1652 1611 1698 labentis
1632 1653 1786 1698 saeculi
1819 1669 1910 1698 vo-

522 1733 749 1780 lubilitate
764 1767 774 1784 ‚
801 1742 846 1777 et
869 1731 1176 1794 praelatorum
1193 1767 1203 1784 ‚
1243 1729 1606 1793 principumque
1642 1740 1913 1775 nostrorum

520 1809 851 1866 vicissitudiue3
869 1808 924 1854 de
944 1825 1053 1871 pace
1069 1825 1149 1854 seu
1165 1807 1309 1863 bello,
1329 1818 1374 1852 et
1390 1807 1698 1862 multimodis,
1717 1807 1796 1870 qui
1817 1823 1912 1852 non

518 1888 755 1943 deficiunt,
775 1885 952 1933 casibus
969 1885 1327 1948 terrigenarum,
1349 1882 1542 1929 cuilibet
1554 1882 1747 1929 dictanti
1764 1882 1915 1928 thema

521 1963 755 2011 scribendi
775 1974 842 2009 est
858 1963 1114 2025 copiosum.
1134 1962 1202 2007 De
1218 1960 1455 2006 miraculis
1472 1977 1585 2006 vero
1603 1959 1921 2024 prodigiisque

520 2044 824 2097 Sanctorum,
851 2040 958 2104 quia
979 2040 1121 2084 nimia
1143 2056 1269 2084 nunc
1295 2038 1342 2083 in
1365 2038 1501 2083 terris
1527 2048 1594 2083 est
1617 2037 1810 2100 penuria
1833 2053 1917 2083 θο-

525 2137 627 2165 rum
643 2155 655 2176 ‚
677 2117 818 2164 modo
835 2115 1142 2180 scriptoribus
1165 2117 1211 2161 iu
1231 2114 1477 2161 referendo
1500 2132 1595 2161 non
1616 2125 1684 2160 est
1704 2113 1919 2159 insudan-

522 2196 651 2242 dum.
677 2194 871 2258 Antiqui
893 2193 1019 2239 enim
1042 2203 1194 2255 patres
1215 2212 1225 2237 ε
1244 2192 1471 2237 Martialis
1489 2203 1535 2237 et
1553 2191 1801 2247 Taurinus,
1825 2191 1918 2236 Sil-

522 2283 689 2328 vester,
722 2271 956 2315 Martinus
983 2279 1028 2314 et
1053 2268 1294 2324 Nicolaus,
1329 2268 1499 2332 aliique
1528 2266 1767 2313 mirabiles
1794 2267 1912 2321 viri,

523 2365 726 2413 quorum
751 2348 923 2410 linguae
937 2346 1086 2392 claves
1104 2345 1355 2392 coelifactae
1377 2356 1509 2399 sunt,
1532 2344 1610 2406 qui
1629 2343 1797 2388 divinis
1817 2343 1919 2389 cha-

525 2423 791 2470 rismatibus
813 2424 965 2486 pleni,
993 2433 1046 2467 ut
1065 2421 1272 2468 Phoebus
1300 2423 1344 2468 in
1364 2421 1568 2468 Ecclesia
1592 2421 1846 2477 fulserunt,
1873 2431 1918 2466 et

522 2502 762 2548 elementis
780 2499 944 2547 mundi
964 2501 1200 2563 aereisque
1222 2498 1528 2563 potestatibus
1554 2499 1600 2544 in
1621 2499 1793 2544 virtute
1810 2515 1916 2544 om—

570 2649 618 2693 (1)
643 2649 689 2682 Le
707 2648 813 2682 verbe
834 2649 1009 2694 plangere
1036 2654 1090 2682 est
1111 2647 1274 2694 employc
1295 2648 1338 2681 ici
1362 2647 1449 2681 dans
1473 2647 1566 2681 deux
1589 2647 1792 2693 acceptions
1810 2646 1916 2680 diffe-

527 2714 646 2741 rentes
661 2722 667 2740 ε
688 2707 850 2753 plaindre
867 2714 904 2742 et
921 2719 956 2741 se
974 2707 1150 2753 plaindre.

571 2769 620 2812 (2)
639 2772 862 2810 Συμμαθητήςε
884 2767 1115 2814 condisciplo.
1147 2769 1192 2801 Le
1219 2769 1415 2802 manuscrit
1441 2767 1484 2802 de
1509 2758 1787 2802 Saint-Evroult
1815 2772 1920 2811 porte

530 2828 742 2865 emanantem
765 2825 796 2859 lc
815 2832 908 2861 texte
926 2827 1094 2872 imprime
1113 2841 1118 2859 :
1137 2830 1378 2871 ,sjrnzm(1!1'les.
