2085 3455
427 253 508 293 604
795 254 1038 294 HISTORIA
1067 254 1475 294 ECCLESIASTICA.
1579 258 1701 307 [mmo
1723 259 1842 308 1099]

428 342 581 389 machi
589 360 644 389 na
656 343 823 407 nequit
833 343 891 390 ad
901 344 1081 392 decliva
1093 343 1311 401 conduci,
1323 361 1408 391 nec
1421 355 1586 392 contra
1595 355 1843 392 montuosa

428 419 567 484 dirigi
575 440 588 478 ς
605 419 685 466 sed
699 437 884 484 semper
899 439 1083 487 aequam
1100 432 1339 486 exspectat
1353 422 1619 486 planitiem,
1634 434 1686 469 ut
1701 424 1847 486 possit

430 495 650 543 conduci.
677 500 925 545 Praecones
948 500 1103 564 itaque
1131 515 1218 563 per
1242 500 1503 545 exercitum
1525 500 1847 546 clamaverunt

429 584 482 620 ut
497 575 785 640 quicumque
804 576 852 622 in
866 577 1050 623 foveam
1068 577 1198 623 illam
1215 588 1308 624 tres
1322 575 1496 640 lapides
1509 577 1702 641 jaceret,
1714 578 1847 642 jactis

430 652 692 716 lapidibus,
735 672 886 701 unum
923 654 1173 701 denarium
1213 655 1424 702 haberet.
1465 655 1638 702 Omnes
1675 655 1844 720 igitur,

428 729 600 794 quibus
627 748 776 778 morae
799 732 1003 779 taediosae
1022 734 1240 791 suerunt,
1270 734 1484 797 incoepto
1508 734 1641 797 operi
1661 733 1849 780 sortiter

434 806 753 854 inhiaverunt.

496 885 748 932 Pontifices
780 896 827 932 et
854 885 1118 949 presbyteri
1146 887 1399 950 populares
1423 888 1619 935 allocuti
1643 898 1776 944 sunt,
1804 898 1850 934 et

431 963 489 1009 (le
526 974 680 1010 morte
716 963 919 1020 Christi,
961 975 1008 1010 et
1043 963 1100 1011 de
1139 965 1245 1011 loco
1280 965 1505 1028 passionis
1541 967 1665 1030 ejus,
1708 982 1851 1030 quem

432 1040 582 1105 digito
628 1058 789 1088 coram
832 1041 1255 1102 demonstrabant,
1303 1059 1573 1090 sermonem
1616 1044 1852 1106 optimum

432 1121 671 1176 fecerunt,
701 1130 749 1166 et
776 1118 833 1166 de
859 1120 1041 1167 coelesti
1062 1120 1347 1176 Jerusalem,
1376 1121 1504 1185 cujus
1526 1120 1850 1184 figuram-ter-

433 1197 594 1242 restris
631 1195 904 1261 portendit,
949 1208 1107 1244 sancte
1148 1208 1196 1244 et
1233 1199 1515 1262 eloquenter
1553 1197 1680 1243 affati
1723 1208 1850 1243 sunt.

433 1274 606 1320 Omnes
644 1291 761 1339 ergo
784 1274 918 1333 laici,
949 1276 1091 1321 armis
1120 1276 1343 1334 accincti,
1371 1276 1661 1322 unanimiter
1685 1274 1855 1322 urbem

434 1350 755 1414 impetebant,
790 1363 837 1398 et
868 1364 1035 1417 quarta
1075 1354 1336 1418 quintaque
1373 1353 1485 1400 feria
1524 1364 1664 1400 nocte
1699 1364 1746 1399 et
1780 1351 1856 1398 die

433 1428 611 1474 civitati
651 1429 946 1476 insistebant.
982 1429 1162 1477 Deinde
1194 1431 1448 1494 praemissis
1483 1429 1778 1476 orationibus
1811 1439 1857 1475 et

427 1507 640 1570 jejuniis,
667 1507 953 1571 singultibus
977 1519 1023 1554 et
1048 1508 1379 1570 eleemosynis,
1406 1508 1521 1553 sacri
1547 1507 1706 1553 viatici
1731 1524 1856 1553 com-

434 1584 663 1630 munione
687 1585 887 1641 muniti,
913 1595 1039 1631 sexta
1065 1584 1206 1641 seria,
1233 1584 1333 1631 idus
1359 1585 1466 1648 julii
1498 1585 1594 1647 (ι),
1617 1584 1857 1630 civitatem

436 1678 621 1707 summo
657 1660 870 1708 diluculo
907 1662 1111 1726 aggressi
1151 1673 1287 1720 sunt,
1326 1679 1412 1708 nec
1453 1672 1564 1708 tunc
1598 1661 1857 1725 praevalere

436 1749 715 1802 potuerunt.
758 1740 849 1799 Qui
887 1741 1017 1786 enim
1054 1735 1101 1786 in
1139 1739 1376 1796 turribus,
1417 1739 1493 1785 vel
1531 1740 1579 1784 in
1616 1737 1858 1785 moenibus

437 1829 596 1875 erant,
619 1818 707 1864 sibi
728 1820 933 1865 invicem
956 1818 1334 1882 opitulabantur,
1362 1829 1409 1865 et
1434 1819 1594 1882 ignem
1618 1828 1665 1864 et
1686 1816 1859 1880 lapides

440 1896 669 1942 continuo
708 1896 1057 1961 jaculabantur.
1107 1897 1371 1944 Tolosanus
1388 1933 1402 1954 ,
1449 1896 1580 1943 fovea
1626 1895 1860 1958 completa

441 1973 628 2035 (tribus
666 1974 793 2019 enim
830 1973 994 2020 diebus
1034 1984 1081 2020 et
1105 1973 1325 2020 noctibus
1358 1973 1857 2036 consummaverant),

439 2062 646 2098 castrum
679 2051 908 2098 conduxit
937 2051 993 2097 ad
1024 2069 1245 2110 murum,
1274 2053 1460 2116 suisque
1483 2068 1640 2097 moras
1663 2067 1862 2097 succen-

440 2130 569 2175 sebat
601 2146 749 2194 usque
787 2129 846 2176 ad
874 2129 1126 2176 secundam
1152 2130 1342 2187 seriam,
1370 2147 1460 2193 pro
1496 2129 1645 2175 nimio
1669 2127 1858 2185 labore,

439 2224 582 2272 quem
605 2224 692 2272 per
716 2218 866 2254 totam
887 2208 1188 2271 pertulerant
1211 2206 1571 2254 hebdomadam.

504 2286 619 2332 Post
660 2285 948 2331 matutinum
991 2285 1235 2343 laborem,
1277 2285 1395 2332 duce
1425 2284 1651 2349 jubente,
1693 2283 1860 2329 Franci

441 2363 688 2427 paululum
711 2363 996 2427 quieverunt
1026 2381 1050 2409 a
1080 2363 1436 2427 congressione,
1465 2373 1511 2408 et
1536 2361 1704 2426 pagani
1728 2379 1751 2406 a
1778 2359 1864 2406 de-

441 2440 671 2487 fensione.
694 2440 1045 2487 Guinimundus
1069 2451 1227 2488 autem
1251 2439 1541 2487 Admiralius
1565 2439 1638 2503 (2)
1655 2474 1665 2492 ‚
1693 2449 1738 2484 et
1759 2438 1864 2484 Fri—

445 2517 659 2583 golendis
690 2519 875 2576 Perses,
903 2536 1050 2583 nepos
1084 2520 1204 2584 ejus,
1241 2518 1288 2564 in
1320 2535 1426 2564 arce
1444 2516 1594 2563 David
1624 2527 1786 2574 erant,
1819 2527 1865 2562 et

445 2597 745 2660 magistratus
768 2594 900 2642 urbis
925 2607 1066 2661 atque
1091 2597 1326 2660 primores
1354 2596 1466 2642 illuc
1491 2594 1547 2641 ad
1571 2593 1865 2659 colloquium

493 2736 542 2779 (ι)
564 2734 612 2768 Le
629 2733 804 2769 vendi-edi
826 2733 864 2768 15
878 2734 1013 2779 juillet.
1036 2735 1066 2769 ll
1083 2748 1105 2781 y
1123 2735 1217 2769 avait
1235 2734 1316 2780 dcja
1334 2746 1379 2768 eu
1397 2746 1447 2767 un
1465 2740 1583 2768 assant
1599 2745 1678 2767 sans
1695 2733 1816 2767 succes
1833 2731 1864 2765 la

447 2793 565 2829 voille.

498 2856 548 2898 (2)
580 2854 895 2891 lstikar-Eddaulc
921 2855 975 2900 (la
1003 2854 1115 2902 gloirc
1145 2854 1188 2889 dc
1217 2855 1379 2901 l'cmpirc
1391 2855 1419 2898 J,
1453 2853 1654 2888 licutcnant
1683 2851 1729 2902 dn
1763 2850 1865 2885 calise
