2033 3445
58 322 192 370 [1087]
525 319 677 357 LIBER
707 317 973 355 SEPTIMUS.
1384 320 1461 359 ‘249

55 406 355 453 vehementer
391 405 603 460 attoniti,
645 415 691 449 et
732 404 862 449 velut
900 413 1108 449 amentes
1144 404 1295 451 effecti
1334 418 1459 453 sunt.

55 484 203 530 Porro
224 481 416 528 ditiores
440 499 495 528 ex
525 481 594 527 his
620 481 748 527 illico
771 481 968 527 ascensis
988 482 1119 545 equis
1144 495 1459 540 recesserunt,

54 571 100 608 et
116 558 172 606 ad
191 577 269 605 sua
290 557 482 605 tutanda
500 568 896 622 properaverunt.
918 559 1170 605 Inferiores
1188 575 1304 606 vero
1324 559 1466 606 clien-

54 638 138 684 tuli
174 647 226 682 ut
263 637 511 700 magistros
548 652 652 682 suos
689 636 753 682 sic
790 635 1042 681 manicasse
1084 647 1460 700 prospexerunt,

54 731 204 771 arma,
241 730 345 758 *casa
363 749 375 770 ,
419 723 567 759 vestes
614 723 660 758 et
708 712 1007 770 linteamina,
1048 730 1335 778 omnemque
1383 730 1466 760 re—

52 791 173 856 giam
198 788 537 852 supellectilem
567 799 853 852 rapuerunt,
890 799 935 834 et
969 789 1137 837 relicto
1170 791 1292 854 regis
1328 789 1466 836 cada—

52 883 157 913 vere
179 881 298 930 pene
324 865 452 912 nudo
489 867 535 911 in
562 882 668 911 area
691 864 882 921 domm,
911 867 1212 930 aufugerunt.
1245 866 1464 924 Gemite,

50 959 242 1007 precor,
274 958 464 999 omnes,
495 942 645 1006 qualis
670 953 738 988 est
767 941 1005 987 mundana
1037 942 1167 989 fides.
1197 943 1467 1008 Unusquis-

49 1037 137 1085 que
162 1018 289 1084 quod
310 1020 468 1083 potuit
496 1019 553 1066 de
583 1031 812 1084 apparatu
841 1021 973 1084 regio
998 1031 1050 1066 ut
1075 1021 1247 1067 milvus
1278 1022 1461 1085 rapuit,

48 1107 92 1143 et
131 1095 377 1143 confestim
413 1114 519 1142 cum
557 1095 715 1160 praeda
756 1114 832 1142 sua
872 1097 1068 1161 aufugit.
1112 1097 1332 1161 Impietas
1374 1099 1461 1143 ita-

48 1190 135 1240 que
169 1175 426 1239 justitiario
471 1173 661 1221 labente
706 1174 1008 1238 impudenter
1050 1174 1254 1238 prodiit,
1297 1186 1343 1222 et
1384 1193 1465 1221 ra-

47 1252 295 1316 pacitatem
320 1252 441 1298 eirea
468 1253 621 1316 ipsum
645 1253 852 1299 ultorem
876 1252 1055 1315 rapinae
1080 1253 1301 1316 primitus
1324 1269 1466 1299 exer-

49 1330 158 1376 cuit.

109 1407 249 1454 Fama
287 1408 344 1455 de
387 1418 543 1455 mo'rte
582 1410 705 1472 regis
746 1408 1019 1473 pernicibus
1056 1409 1139 1454 alis
1176 1410 1381 1467 volavit,
1420 1421 1467 1456 et

47 1486 187 1550 longe
212 1486 396 1551 lateque
419 1486 642 1550 gaudium
661 1503 739 1532 seu
762 1503 1026 1533 moerorem
1050 1485 1344 1533 audientium
1364 1504 1466 1533 cor-

47 1562 181 1610 dibus
207 1564 393 1610 infudit.
429 1563 545 1609 Nam
577 1580 708 1610 mors
737 1563 980 1610 Guillelmi
1011 1564 1134 1628 regis
1169 1565 1269 1627 ipso
1300 1563 1466 1610 eodem

46 1641 142 1700 die,
177 1659 273 1707 quo
304 1642 555 1705 Rotomagi
590 1641 836 1689 defunctus
871 1653 962 1699 est,
997 1642 1045 1688 in
1079 1642 1199 1689 urbe
1236 1643 1386 1689 Roma
1421 1654 1466 1689 et

47 1722 92 1768 in
115 1719 328 1767 Calabria
350 1719 633 1785 quibusdam
654 1720 947 1768 exheredatis
971 1722 1192 1767 nunciata
1212 1732 1303 1777 est,
1330 1731 1382 1767 ut
1406 1721 1465 1766 ab

46 1799 149 1863 ipsis
175 1799 477 1863 postmodum
501 1800 735 1845 veraciter
756 1800 804 1845 in
824 1799 1120 1845 Normannia
1148 1799 1352 1845 relatum
1375 1810 1460 1845 est.

44 1876 273 1940 Malignus
318 1876 494 1940 quippe
543 1876 734 1939 spiritus
775 1874 953 1939 oppido
998 1874 1303 1938 tripudiavit,
1350 1874 1463 1921 dum

46 1953 234 2001 clientes
260 1971 386 2010 suos,
415 1955 496 2019 qui
517 1970 684 2018 rapere
709 1965 754 2000 et
778 1954 964 2018 clepere
986 1953 1294 2000 vehementer
1317 1952 1465 2000 inhia-

46 2029 156 2077 bant
169 2068 184 2090 ,
211 2048 298 2095 per
321 2048 539 2079 occasum
556 2030 724 2096 judicis
749 2032 987 2079 absolutos
1013 2031 1146 2077 vidit.

109 2108 146 2154 0
165 2109 401 2157 saecularis
418 2127 611 2173 pompa,
632 2127 773 2174 quam
792 2108 1089 2173 despicabilis
1107 2109 1177 2155 es!
1194 2109 1301 2173 quia
1324 2110 1464 2155 nimis

51 2203 161 2232 vana
196 2198 242 2233 et
274 2186 430 2233 labilis
463 2187 532 2234 es!
575 2187 718 2234 Recte
750 2187 1040 2251 pluvialibus
1069 2187 1211 2233 bullis
1235 2186 1462 2252 aequanda

48 2262 234 2322 diceris,
260 2281 366 2329 quae
389 2265 435 2310 in
456 2276 703 2311 momento
723 2263 859 2311 valde
884 2263 1069 2329 turgida
1091 2265 1309 2329 erigeris,
1338 2263 1463 2309 subi-

49 2351 187 2406 toque
210 2342 255 2388 in
283 2342 487 2388 nihilum
514 2341 758 2407 redigeris.
781 2343 904 2389 Ecce
931 2343 1282 2406 potentissimus
1306 2342 1461 2398 heros,

49 2419 119 2464 cui
143 2437 296 2483 nuper
312 2420 417 2483 plus
435 2438 577 2485 quam
597 2431 789 2467 centum
809 2420 939 2466 milia
964 2421 1172 2466 militum
1195 2419 1463 2467 serviebant

49 2495 198 2554 avide,
221 2508 268 2543 et
284 2515 426 2562 quem
447 2499 611 2545 multae
631 2509 792 2562 gentes
808 2516 914 2544 cum
932 2509 1140 2545 tremore
1159 2497 1459 2553 metuebant,

49 2590 173 2621 nunc
197 2593 221 2620 a
246 2577 336 2621 suis
361 2577 566 2640 turpiter
593 2578 639 2623 in
660 2576 804 2623 domo
829 2593 925 2622 non
951 2594 1028 2622 sua
1049 2577 1274 2640 spoliatus
1298 2587 1389 2633 est,
1419 2587 1463 2621 et

48 2666 70 2693 a
95 2651 244 2713 prima
271 2669 416 2716 usque
441 2653 497 2699 ad
527 2654 710 2700 tertiam
738 2671 875 2716 supra
902 2653 1075 2699 nudam
1106 2652 1298 2699 humum
1328 2651 1464 2698 dere-

48 2726 179 2775 lictus
198 2741 282 2776 est.
306 2730 439 2778 Cives
458 2733 584 2778 enim
605 2732 972 2795 Rotomagenses
997 2731 1157 2777 audito
1180 2732 1307 2795 lapsu
1330 2731 1461 2793 prin-

50 2804 160 2868 cipis
198 2807 331 2854 valde
371 2811 522 2855 territi
567 2822 666 2856 sunt
690 2847 700 2865 ,
743 2821 780 2855 et
824 2827 941 2872 peno
980 2826 1142 2856 omnes
1180 2810 1303 2855 velut
1343 2808 1459 2853 ebrii
