2033 3445
72 249 210 297 [1097]
594 248 748 287 LIBER
778 249 958 289 NONUS.
1403 253 1474 289 521

70 334 213 380 Turci
244 334 291 379 in
319 332 607 381 Christianos
640 333 910 393 irruebant,
942 335 1212 400 insidiisque
1236 335 1484 400 indigena-

71 429 179 457 rum
219 411 357 457 multi
401 412 737 459 occubuerant.
782 413 1041 476 Optimates
1081 430 1195 477 ergo
1241 413 1481 461 christiani

72 486 402 544 condolentes,
438 488 606 535 Turcis
630 488 969 546 obviaverunt,
1002 488 1059 534 ad
1095 489 1371 536 conflictum
1407 507 1484 537 eos

72 576 476 629 provocaverunt,
506 577 552 611 et
583 566 638 612 ad
672 567 855 625 locum,
883 565 963 611 ubi
1001 565 1353 612 Boammundus
1377 585 1485 613 cum

72 642 163 689 suis
184 644 230 688 in
252 642 429 689 insidiis
443 642 651 700 delituit,
671 646 829 708 fugam
847 643 1096 708 fingentes,
1119 644 1320 691 scienter
1343 644 1484 691 decli-

72 731 323 766 naverunt.
341 718 410 764 Ibi
429 718 813 767 Christianorum
830 720 925 767 duo
942 720 1090 766 millia
1112 722 1180 783 (ι)
1199 721 1339 767 occisi
1359 732 1484 766 sunt.

74 798 227 844 Porro
257 797 583 855 Boamundus,
617 799 863 861 praeliator
889 799 1194 857 fortissimus,
1228 797 1286 844 de
1310 797 1488 844 insidiis

73 876 281 922 concitus
295 876 517 934 surrexit,
538 887 584 921 et
600 877 780 923 Turcos
799 893 1059 941 aggressus,
1074 876 1250 922 multos
1265 876 1484 939 peremit,

70 964 117 999 et
141 953 367 1018 quosdam
394 954 522 1000 vivos
546 955 765 1011 retinuit,
793 972 911 1018 quos
937 965 1046 1000 ante
1077 965 1267 1017 portam
1289 953 1488 999 civitatis

70 1031 347 1078 solemniter
370 1032 415 1078 in
437 1032 753 1095 spectaculum
779 1031 1047 1080 decollavit.
1073 1031 1253 1078 Deinde
1278 1042 1488 1078 castren-

70 1124 137 1154 ses
156 1125 297 1172 super
316 1110 540 1156 verticem
564 1110 765 1168 montis,
798 1111 878 1174 qui
910 1109 1086 1157 dicitur
1112 1109 1361 1174 Maregard
1387 1110 1486 1171 (2),

69 1186 314 1232 castellum
343 1186 721 1243 aedificaverunt,
750 1186 877 1252 quod
903 1205 989 1251 per
1018 1187 1204 1234 dierum
1231 1187 1489 1233 successio-

69 1279 152 1308 nes
176 1263 387 1310 Heroum
411 1263 729 1328 unusquisque
751 1264 796 1309 in
817 1263 985 1310 ordine
1011 1264 1123 1311 vicis
1142 1281 1236 1309 suae
1260 1261 1490 1309 custodie-

70 1339 204 1386 bant..
254 1341 451 1387 Interim
491 1352 727 1387 attenuata
762 1352 872 1387 sunt
905 1341 1151 1398 victualia,
1190 1341 1298 1405 quia
1336 1355 1490 1404 neque

73 1419 299 1465 cursitare
323 1417 582 1472 audebant,
607 1435 761 1483 neque
784 1429 1047 1465 mercatum
1074 1416 1329 1464 habebant.
1354 1415 1489 1476 Quod

70 1511 185 1541 vero
209 1495 255 1541 in
290 1495 410 1541 valle
445 1496 765 1559 reperierant,
804 1496 1049 1542 asssuenter
1080 1503 1487 1557 consumpserant.

71 1571 257 1619 Cibaria
284 1573 429 1636 igitur
454 1574 613 1619 omnia
632 1590 824 1638 percara
844 1583 1005 1631 erant,
1031 1574 1172 1619 sames
1198 1572 1494 1618 inhorresce-

72 1650 179 1708 bat,
198 1652 424 1716 quoniam
443 1650 615 1714 pabula
635 1652 795 1698 omnia
816 1651 873 1698 de
888 1650 964 1697 die
982 1651 1030 1696 in
1049 1651 1173 1697 diem
1189 1648 1487 1705 deficiebant,

73 1739 118 1775 et
143 1729 267 1775 intus
288 1727 537 1774 adversarii
565 1729 836 1774 cavillantes
860 1727 1144 1793 gaudebant.

139 1805 280 1853 Anno
291 1805 686 1852 abincarnatione
697 1806 889 1852 Domini
906 1813 1146 1861 M⁰xc⁰V11⁰,
1158 1803 1417 1850 indictione
1427 1810 1490 1855 v³‚

75 1883 308 1930 celebrata
341 1884 597 1929 Nativitate
627 1883 799 1929 Christi
840 1883 938 1946 (3),
970 1881 1275 1928 Buamundus
1300 1880 1419 1937 dux,
1449 1890 1495 1925 et

73 1960 372 2008 Flandrensis
383 1961 671 2018 Rodbertus,
689 1978 786 2008 non
801 1961 900 2007 sine
915 1959 1262 2006 remanentium
1277 1957 1494 2020 lacrymis

74 2161 189 2207 signe.
211 2162 317 2196 Cette
336 2161 435 2207 place
455 2161 543 2195 etait
563 2160 708 2195 tombee
726 2173 770 2194 au
784 2160 938 2206 pouvoir
955 2159 1000 2194 de
1015 2157 1224 2201 Tancrede,
1241 2169 1324 2191 avec
1338 2167 1494 2203 presque

70 2225 151 2254 tout
175 2219 206 2254 le
231 2226 326 2254 reste
350 2219 395 2254 de
420 2219 452 2254 la
477 2220 622 2262 cilicie,
647 2221 751 2266 apres
771 2232 836 2254 son
855 2218 986 2265 depart
1005 2218 1050 2253 de
1069 2217 1291 2259 Malmistra3
1316 2216 1406 2249 mais
1424 2215 1492 2249 elle

71 2280 164 2315 avait
184 2281 242 2314 ete
260 2280 399 2327 reprise
418 2293 483 2327 par
500 2280 551 2314 les
569 2280 809 2314 musulmans.

118 2339 295 2384 (1)Notre
313 2346 444 2374 auteur
460 2346 618 2374 commet
630 2340 676 2374 ici
694 2351 768 2373 une
783 2350 912 2373 erreur
928 2350 1047 2385 grave,
1066 2337 1130 2384 qui
1149 2336 1201 2371 lui
1221 2335 1430 2382 appartient
1447 2347 1492 2369 en

72 2411 217 2446 propre.
246 2400 302 2434 Au
328 2399 401 2434 lieu
426 2400 470 2434 de
494 2412 552 2434 ces
573 2406 667 2434 mots
687 2414 695 2433 r
718 2398 790 2433 duo
816 2400 966 2441 milites,
999 2398 1060 2445 qui
1088 2409 1125 2432 se
1148 2402 1320 2430 trouvent
1344 2394 1433 2429 dans
1460 2394 1493 2429 le

73 2458 164 2492 re'cit
179 2457 224 2493 de
239 2458 374 2493 Baudri
387 2487 396 2502 ,
416 2458 441 2493 il
458 2472 477 2493 a
495 2459 588 2493 ecrit
607 2475 613 2492 ι
633 2458 705 2493 duo
721 2459 848 2492 millia.
870 2457 901 2491 Il
914 2470 937 2503 y
951 2464 1015 2491 eut
1032 2457 1135 2499 bien,
1156 2458 1175 2490 a
1193 2468 1232 2490 ce
1250 2454 1338 2502 qu'il
1356 2454 1491 2500 parait,

72 2518 165 2553 deux
184 2518 282 2554 mille
302 2519 470 2554 hommes
488 2519 533 2554 de
552 2520 654 2563 tue's;
673 2519 763 2553 mais
781 2530 821 2552 ce
838 2518 894 2552 fut
914 2517 962 2551 du
985 2517 1065 2552 cote
1083 2516 1146 2551 des
1164 2514 1404 2550 Musulmans.

119 2580 168 2623 (2)
191 2580 298 2613 Cette
320 2586 517 2626 montagne
541 2580 634 2613 avait
659 2580 718 2613 ete
742 2578 910 2612 nommee
933 2575 1152 2623 Mauregard
1174 2574 1269 2619 (Mal
1296 2572 1490 2619 Reguard)

74 2651 137 2683 par
154 2638 206 2673 les
223 2639 374 2682 emises,
396 2640 623 2674 mecontents
643 2638 689 2672 de
709 2650 748 2673 ce
763 2636 894 2685 qu'elle
913 2636 1093 2672 dominait
1111 2636 1190 2671 leur
1209 2646 1330 2679 camp,
1353 2639 1388 2666 et
1408 2644 1491 2677 par-v

76 2697 343 2733 neuneu-ciuem
364 2698 653 2745 l'cmplaccment
672 2698 810 2743 occupc
830 2710 894 2743 par
914 2695 1113 2731 Roemond.

120 2755 168 2801 (3)
189 2758 235 2791 lrc
254 2758 354 2793 lundi
377 2758 420 2792 28
441 2759 632 2793 d‹'·‹:0n1b1·e
658 2770 754 2804 1007.
