2033 3445
85 306 205 352 [vestr.
229 304 348 353 1093]
602 304 756 342 LIBER
785 304 963 342 NONUS.
1404 311 1478 348 531

84 388 352 434 breviorem
371 389 494 434 viam
517 405 729 436 reversus
745 426 757 446 ‚
778 390 1066 436 Tolosanum
1089 395 1344 454 praevenit,
1362 406 1408 441 et
1429 395 1487 443 de

81 464 264 511 defectu
290 482 484 511 suorum
506 483 644 512 verus
680 467 913 528 interpres
948 468 1198 514 nuntiavit.
1233 469 1486 519 Christiani

82 558 196 588 vero
209 578 223 598 ,
248 543 396 607 magis
427 544 531 589 irati
561 561 704 607 quam
725 544 965 598 exterriti,
991 545 1173 592 Turcos
1197 549 1487 596 unanimiter

81 621 283 684 aggressi
308 631 439 675 sunt,
466 631 512 667 et
535 622 772 667 occisifflie
795 622 1175 668 commilitonum
1197 641 1390 671 suorum
1410 628 1487 673 in-

79 699 224 749 citati,
241 699 437 762 gentiles
447 699 554 744 viril
564 699 651 744 iter
664 699 955 744 invaserunt.
968 700 1220 765 Utrimque
1233 705 1487 750 accerrime

78 773 353 821 dimicatum
376 786 461 820 est.
487 775 629 820 Turci
653 786 849 838 pontem
866 780 1175 834 transierant,
1199 789 1246 825 et
1264 779 1486 827 Christia-

78 852 152 897 nis
174 850 396 898 audacter
420 851 672 898 obviarant
685 872 698 909 ;
726 870 748 898 a
774 852 944 917 quibus
968 866 1145 917 praeter
1173 873 1304 918 spem
1327 856 1488 904 horri-

78 928 239 975 biliter
258 931 438 992 excepti
461 941 587 986 sunt,
610 941 657 976 et
678 931 902 992 percussi,
928 932 1151 995 fugiendo
1175 934 1295 980 elabi
1317 936 1486 982 volue-

77 1017 218 1062 runt3
264 1005 344 1052 sed
388 1006 502 1052 inita
549 1008 655 1070 suga
702 1019 907 1054 mortem
958 1009 1259 1057 invenerunt.
1312 1011 1487 1058 Oberat

75 1081 361 1146 'fugientibus
383 1100 502 1146 pons
525 1095 771 1147 angustus,
796 1083 1057 1147 fluviusque
1081 1086 1269 1149 rapidus
1296 1098 1343 1134 et
1364 1106 1485 1152 pro-

74 1160 244 1206 fundus
266 1170 280 1222 isx
295 1163 354 1223 1).
379 1161 515 1208 Alter
539 1162 602 1207 eis
624 1179 721 1208 non
745 1173 846 1208 erat
870 1164 1090 1209 transitus
1102 1184 1115 1221 3
1139 1164 1335 1212 fluvium
1361 1168 1483 1214 circa

76 1249 274 1301 pontem
305 1255 446 1286 nemo
479 1239 701 1296 evadare,
743 1241 822 1285 vix
854 1240 1022 1304 aliquis
1059 1253 1244 1305 poterat
1279 1254 1481 1290 enatare.

73 1314 278 1361 Grandis
302 1315 559 1362 multitudo
584 1317 896 1380 equitantium
921 1329 1116 1380 pontem
1135 1321 1314 1382 pariter
1332 1338 1487 1368 ascen-

72 1390 272 1448 derunt,
297 1392 561 1456 Francique
576 1429 588 1450 ‚
613 1395 834 1439 fraternae
858 1393 1053 1441 ultionis
1084 1406 1131 1440 et
1155 1396 1367 1443 victoriae
1398 1415 1484 1444 cu-

75 1467 197 1530 pidi,
235 1470 471 1532 perimere
498 1469 708 1516 crudeles
734 1470 912 1516 belluas
946 1482 1233 1534 sategerunt.
1273 1474 1481 1520 Insatiati

74 1555 399 1608 peremptores
419 1545 655 1591 instabant
679 1546 850 1592 lanceis
864 1582 876 1603 ,
903 1557 950 1592 et
966 1547 1153 1593 ensibus
1178 1549 1226 1594 in
1245 1565 1322 1595 eos
1340 1550 1484 1596 comi-

74 1639 161 1667 nus
193 1622 466 1668 utebantur.
510 1622 746 1681 Quosdam
783 1623 831 1669 in
871 1623 1068 1669 fluvium
1094 1627 1479 1690 praecipitabant,

69 1699 187 1745 alios
210 1698 461 1746 lethalibus
485 1700 649 1763 gladiis
673 1700 1021 1747 confodiebant.
1045 1702 1235 1749 Fluvius
1257 1705 1483 1768 sanguine

72 1777 428 1835 cruentabatur,
453 1789 499 1824 et
519 1777 822 1824 cadaveribus
848 1779 1255 1843 supertegebatur.
1281 1783 1481 1846 Insignis

69 1854 165 1901 dux
178 1854 467 1902 Godefredus
482 1853 732 1918 quemdam
752 1856 1011 1900 maximum
1026 1855 1148 1902 bella
1156 1866 1325 1916 torem,
1342 1876 1477 1905 aurea

71 1933 217 1979 lorica
235 1931 469 1986 indutum,
493 1933 539 1978 in
563 1944 699 1996 tergo
720 1949 828 1979 ense
847 1934 1090 1996 percussit,
1112 1935 1361 2000 validoque
1385 1938 1480 1984 ictu

69 2027 156 2073 per
168 2009 376 2056 medium
391 2010 520 2074 quasi
533 2021 751 2056 tenerum
767 2028 967 2074 porrum
976 2011 1298 2059 obtruncavit.
1315 2015 1480 2078 Caput,

71 2105 179 2134 cum
201 2087 406 2134 humeris
426 2099 472 2133 et
497 2088 726 2151 superiori
749 2099 882 2151 parte
901 2090 1115 2152 corporis
1135 2108 1159 2135 a
1183 2092 1398 2155 cingulo,
1429 2093 1478 2140 in

73 2164 250 2212 flumen
282 2164 470 2221 cecidit,
501 2166 789 2230 inferiorque
816 2183 924 2228 pars
961 2183 1100 2230 super
1132 2168 1478 2216 velocissimum

71 2240 377 2305 cornipedem
392 2242 617 2288 remansit
633 2242 725 2304 (2).
740 2242 1082 2305 Equusautem,
1098 2254 1286 2291 rectore
1300 2263 1477 2304 carens,

117 2442 167 2487 (1)
187 2442 331 2476 L’effort
347 2442 392 2476 de
408 2443 440 2476 la
457 2442 601 2476 bataille
616 2449 679 2476 eut
695 2441 767 2475 lieu
787 2454 849 2475 sur
862 2442 895 2476 lc
911 2450 1000 2488 pont
1017 2443 1252 2488 d'zlntioclie,
1273 2446 1335 2492 qui
1354 2447 1479 2482 n'etait

72 2500 177 2545 point
195 2512 325 2534 encore
343 2500 558 2535 connnande
576 2513 640 2546 par
656 2499 688 2534 le
707 2500 859 2534 chaman
877 2501 926 2535 du
943 2509 1060 2536 comte
1078 2502 1122 2536 de
1139 2503 1337 2538 Toulousc.

117 2559 166 2606 (2)
190 2560 354 2594 Mathieu
376 2560 495 2603 Paris,
523 2559 837 2593 innncdiatcment
861 2561 964 2606 apres
989 2561 1088 2595 avoir
1112 2562 1182 2596 cite
1205 2574 1244 2595 cc
1265 2562 1357 2597 beau
1384 2576 1476 2611 coup

71 2617 195 2665 d'epee
215 2619 437 2663 horizontal‚
459 2632 503 2653 cn
524 2619 682 2654 attribue
707 2631 755 2652 un
780 2626 863 2653 tout
882 2620 974 2654 aussi
999 2621 1178 2667 pffissant,
1204 2623 1292 2655 mais
1313 2621 1401 2656 dans
1427 2636 1472 2657 un

71 2689 150 2713 sens·
168 2679 313 2714 vertical
327 2708 335 2724 ,
358 2693 403 2714 au
423 2680 494 2714 duc
514 2680 558 2714 dc
580 2679 818 2715 Normandic.
843 2681 889 2713 Lc
909 2680 1083 2723 bouclier,
1108 2680 1141 2715 lc
1161 2693 1309 2729 casque,
1330 2682 1362 2716 la
1382 2684 1471 2726 tete,

73 2736 105 2771 le
130 2738 184 2771 col
205 2738 249 2772 de
273 2739 461 2781 lffnfidffle,
485 2740 625 2780 surcnt,
651 2738 768 2781 dit—il,
792 2740 958 2784 partage's
979 2751 1024 2774 cn
1044 2739 1154 2784 deux,
1177 2748 1212 2775 ct
1231 2740 1264 2775 le
1283 2741 1474 2775 tranchant

73 2794 123 2829 du
145 2796 257 2843 glaive
274 2810 319 2832 nc
337 2798 482 2833 s’arreta
500 2811 570 2845 que
589 2798 677 2832 dans
694 2810 729 2831 sa
750 2798 922 2845 poitrinc.
957 2821 962 2826 -
