2085 3455
620 274 697 309 280
982 271 1222 309 HISTORIA
1253 271 1653 309 ECCLESIASTICA.
1879 274 2019 323 [1088]

617 356 900 414 baronibus,
923 374 1040 421 quos
1060 357 1118 402 ah
1144 358 1242 420 ipso
1262 357 1555 421 aliquantum
1574 355 1830 401 desciverat
1853 359 2021 421 nequi-

618 434 707 490 tia,
734 445 918 480 versute
960 436 1168 498 pepercit
1203 452 1291 498 pro
1326 451 1485 481 amore
1525 434 1670 496 patris
1708 433 1801 490 sui,
1843 434 1914 479 cui
1943 433 2021 482 diu

616 510 818 557 fideliter
860 510 1170 569 inhaeserant,
1213 523 1258 557 et
1304 529 1392 575 pro
1434 510 1684 557 senectutis
1724 512 2016 569 reverentia3

612 589 760 634 sciens
782 589 992 651 profecto
1009 588 1135 652 quod
1157 605 1254 635 non
1275 606 1351 635 eos
1370 588 1450 635 diu
1466 589 1624 652 vigere
1643 588 1850 633 sinerent
1865 588 2018 634 morbi

612 675 658 710 et
671 683 800 712 mors
824 666 1036 728 propria.
1058 666 1210 712 Porro
1233 665 1447 730 quidam,
1474 676 1652 729 quanto
1677 664 1861 727 gravius
1886 681 1932 710 se
1952 681 2022 710 er-

612 759 734 788 rasse
756 743 803 787 in
821 743 999 806 regiam
1019 743 1305 806 majestatem
1323 753 1586 799 noverunt,
1612 752 1742 787 tanto
1766 741 2020 787 ferventius

612 819 743 865 omni
780 829 994 882 tempore
1032 820 1334 882 postmodum
1368 821 1407 866 ei
1436 819 1644 864 famulati
1678 829 1808 874 sunt,
1847 829 1894 863 et
1925 829 2019 863 tam

610 896 886 942 muneribus
907 914 1048 960 quam
1075 898 1273 943 servitiis
1303 914 1354 943 ac
1373 895 1721 942 adulationibus
1739 895 1900 940 multis
1923 912 2021 941 mo-

610 972 680 1019 dis
701 974 886 1035 placere
910 972 1212 1019 studuerunt⁰

674 1050 756 1094 III.
786 1050 906 1095 Cum
928 1050 1193 1113 supradicta
1225 1061 1501 1114 tempestate
1524 1049 1828 1096 vehementer
1853 1049 2020 1113 Anglia

609 1125 817 1190 undique
856 1138 1209 1184 concuteretur,
1250 1138 1296 1173 et
1339 1127 1514 1173 mutuis
1547 1124 1835 1172 vulneribus
1856 1126 2023 1172 incolae

611 1204 746 1267 regni
781 1203 993 1267 quotidie
1029 1215 1368 1262 mactarentur,
1404 1204 1511 1268 qnia
1547 1204 1594 1249 hi
1630 1220 1791 1267 regem
1825 1202 2024 1267 dejicere

610 1280 883 1338 tentabant,
912 1282 979 1327 illi
1002 1299 1026 1327 e
1052 1293 1217 1328 contra
1242 1299 1332 1345 pro
1356 1298 1465 1346 rege
1484 1281 1688 1327 viriliter
1710 1280 2022 1338 dimicabant,

612 1357 926 1415 Grithfridus5
940 1375 1024 1405 rex
1047 1359 1328 1406 Guallorum
1350 1360 1368 1421 (
1380 1360 1440 1422 ι),
1462 1377 1570 1406 cum
1584 1358 1793 1405 exercitu
1815 1375 1898 1405 suo
1914 1358 2026 1404 fines

611 1434 799 1498 Angliae
819 1434 1013 1492 invasit,
1037 1447 1083 1480 et
1100 1437 1223 1481 circa
1245 1435 1565 1482 Rodelentum
1581 1453 1802 1499 magnam
1825 1445 2028 1499 stragem

612 1510 861 1557 hominum
881 1521 926 1555 et
953 1510 1167 1556 incendia
1191 1511 1326 1570 secit5
1356 1513 1594 1576 ingentem
1613 1528 1801 1575 quoque
1818 1510 2027 1574 praedam

612 1587 758 1649 cepit,
795 1586 1104 1651 hominesque
1140 1589 1187 1633 in
1222 1586 1541 1650 captivitatem
1573 1587 1724 1633 duxit.
1760 1587 2028 1633 Rodbertus

612 1675 789 1721 autem,
803 1663 1051 1710 Rodelenti
1071 1666 1290 1728 princeps
1304 1666 1373 1728 (2)
1381 1702 1392 1722 ,
1410 1664 1466 1710 de
1479 1664 1723 1711 obsidione
1737 1663 1943 1711 Roffensi
1962 1681 2028 1710 re-

611 1740 768 1798 diens,
825 1753 871 1788 et
921 1753 1016 1788 tam
1061 1753 1242 1788 atroces
1286 1742 1628 1807 damnososque
1675 1741 1763 1787 sibi
1813 1758 2028 1788 rumores

613 1818 932 1880 comperiens,
961 1817 1265 1864 vehementer
1284 1818 1448 1865 doiens
1474 1819 1728 1882 ingemuit,
1757 1837 1810 1864 ac
1833 1817 2028 1864 terribi-

612 1894 734 1940 libus
772 1895 913 1940 minis
946 1895 1065 1940 iram
1098 1913 1227 1941 suam
1259 1895 1502 1942 evidenter
1527 1896 1727 1959 aperuit.
1754 1896 1871 1941 Erat
1901 1894 2027 1941 enim

612 1972 745 2017 miles
769 1973 903 2018 sortis
929 1983 976 2018 et
1003 1973 1160 2036 agilis,
1182 1972 1408 2019 *facundus
1429 1984 1475 2019 et
1506 1972 1843 2030 formidabilis,
1872 1973 2028 2036 largus

613 2060 659 2094 et
693 2050 853 2095 multis
894 2050 1211 2113 probitatibus
1247 2050 1509 2096 laudabilis.
1549 2051 1635 2097 Hic
1664 2049 1872 2096 Eduardi
1906 2050 2027 2114 regis

612 2128 818 2191 armiger
841 2128 954 2184 fuit,
977 2139 1023 2173 et
1047 2129 1105 2173 ab
1140 2129 1222 2175 illo
1249 2129 1493 2192 cingulum
1510 2129 1693 2174 militiae
1715 2128 1910 2191 accepit.
1932 2127 2027 2173 Un-

610 2203 756 2249 fridus
781 2215 914 2267 pater
933 2207 1054 2269 ejus,
1077 2206 1164 2251 suit
1182 2206 1304 2252 filius
1326 2205 1525 2252 Amsridi
1549 2205 1605 2252 de
1623 2206 1850 2269 progenie
1873 2206 2026 2251 Daco-

658 2349 708 2393 (1)
726 2348 1141 2395 Gruffvdh-ap-Conan,
1164 2351 1219 2384 roi
1239 2350 1289 2384 du
1310 2350 1593 2392 North-wales,
1616 2350 1719 2396 apres
1740 2361 1775 2382 sa
1794 2349 1945 2383 victoire
1964 2360 2025 2382 sui·

611 2407 935 2454 Howcl-ap-Owen
952 2421 996 2442 ὀη
1019 2409 1123 2457 loy-6,
1145 2411 1275 2455 regna,
1296 2409 1432 2452 dit-on,
1448 2409 1618 2456 jusqu⁷en
1642 2423 1652 2442 1
1665 2407 1747 2451 136,
1766 2420 1812 2441 au
1827 2408 1946 2442 moins
1962 2420 2025 2454 par
2066 2425 2077 2439 ι

612 2466 829 2501 intervalles.
861 2467 1013 2501 Gendrc
1041 2468 1090 2501 du
1122 2469 1173 2502 roi
1207 2468 1324 2503 Owen
1338 2496 1346 2511 ‚
1381 2470 1444 2516 qui
1477 2468 1564 2502 ctait
1595 2467 1766 2514 petit-fils
1796 2467 1841 2502 de
1874 2468 2022 2511 Grono,

611 2538 752 2560 comme
772 2538 863 2560 nous
883 2526 915 2559 le
935 2539 1082 2561 verrons
1099 2527 1257 2571 hiemat,
1278 2528 1463 2575 Gruffydh
1483 2529 1569 2562 &tait
1587 2527 1669 2562 allie
1687 2540 1752 2574 par
1770 2539 1809 2561 ce
1828 2527 1987 2574 mariage
2005 2530 2023 2561 a

610 2585 642 2618 la
663 2585 800 2619 familie
828 2585 947 2631 royalc
972 2586 1301 2632 Anglo-tiaxonne5
1324 2588 1477 2634 puisque
1496 2588 1626 2622 Grono
1650 2587 1744 2621 avait
1770 2598 1864 2632 pour
1889 2586 2022 2620 femme

611 2636 832 2685 Ethclssede,
854 2656 963 2678 veuve
983 2645 1191 2680 ‹l'Edinond
1215 2646 1392 2681 Irneside.
1419 2648 1465 2681 La
1493 2648 1624 2681 femme
1647 2646 1802 2681 d'Owen
1821 2647 1908 2680 etait
1926 2646 2018 2680 aussi

611 2703 655 2737 ‹le
673 2715 759 2749 sang
779 2703 894 2749 royal,
916 2705 1130 2751 puisqu⁷elle
1149 2707 1241 2741 avait
1260 2720 1352 2753 pour
1372 2707 1467 2741 frere
1488 2706 1880 2753 Blethyn-ap-Confin.

657 2765 705 2808 (93)
725 2762 863 2797 Robcrt
883 2763 927 2797 de
948 2764 1160 2798 Rhnddlan,
