2085 3455
542 298 612 336 164
904 296 1145 334 HISTORIA
1178 295 1579 333 ECCLESIASTICA.
1671 298 1939 348 [1077-1081]

535 385 768 431 tractavit.
792 385 1003 448 Denique
1021 383 1279 428 Henricum
1296 384 1461 445 saepius
1485 379 1802 438 admonitum,
1826 393 1872 427 et
1894 384 1939 429 in

531 461 819 508 facinoribus
836 460 1142 525 pertinaciter
1163 460 1473 514 resistentem,
1491 456 1669 521 judicio
1685 458 1847 520 synodi
1862 476 1940 505 ex-

531 540 919 594 communicavit,
947 549 994 583 et
1017 536 1103 582 sub
1129 536 1423 582 anathemate
1447 535 1749 591 obduratum,
1780 547 1940 599 potes-

530 628 623 663 tate
647 617 781 681 regni
813 615 1149 662 damnabiliter
1180 625 1399 677 usurpata
1423 613 1702 676 expoliavit;
1731 624 1777 658 et
1809 613 1940 660 Con—

530 696 695 741 radum
710 694 932 740 comitem
952 692 1231 738 auctoritate
1248 690 1501 754 apostolica
1519 708 1605 753 per
1622 691 1938 753 plurimorum

527 790 693 818 manus
712 770 967 835 praesulum
984 769 1032 814 in
1047 784 1203 831 regem
1222 767 1529 813 consecravit.
1549 767 1763 812 Privatus
1785 768 1939 831 itaque

527 850 756 896 Henricus
777 865 860 912 per
877 865 1026 892 unum
1046 863 1224 891 annum
1247 845 1294 890 in
1315 844 1459 890 domo
1477 845 1671 907 propria
1691 845 1936 901 conticuit,

525 938 571 973 et
591 927 834 981 comitatu,
853 940 995 988 quem
1015 921 1437 984 liaereditariojure
1457 938 1480 966 a
1497 920 1771 984 parentibus
1794 938 1941 968 susce-

527 1015 683 1068 perat,
712 1004 913 1066 potittls‘,
940 1001 1143 1047 delituit.
1170 997 1260 1044 Sed
1283 998 1454 1044 auxilia
1474 998 1619 1044 multa
1637 1035 1649 1055 ,
1676 998 1938 1062 sumptibus

524 1083 581 1126 de
610 1081 851 1135 thesaurO,
881 1095 1023 1143 quem
1056 1077 1302 1140 copiosum
1328 1076 1445 1122 olim
1471 1088 1790 1140 congesserat,
1816 1076 1939 1141 dap—

524 1158 670 1204 siliter
688 1157 829 1212 datis,
853 1154 1143 1218 procuravit.
1173 1151 1352 1199 Deinde
1377 1153 1537 1198 multis
1562 1152 1772 1199 millibus
1801 1171 1936 1200 com-

522 1235 699 1299 plicum
740 1233 1030 1297 aggregatis,
1064 1247 1316 1278 commune
1348 1230 1589 1277 decretum
1626 1232 1933 1295 contempsit,

522 1312 736 1377 publicus
772 1310 915 1358 hostis
951 1309 1223 1366 rebellavit,
1265 1320 1430 1355 contra
1467 1308 1738 1355 conradum
1778 1326 1936 1374 regem

519 1391 770 1456 pugnavit,
798 1391 1044 1453 ipsumque
1067 1387 1300 1452 dejectum
1319 1387 1578 1452 jugulavit,
1605 1398 1650 1433 et
1679 1388 1936 1434 exercitum

523 1471 619 1533 ejus
643 1469 769 1514 varia
794 1468 924 1514 clade
945 1467 1180 1531 quassavit
1205 1467 1296 1528 (ι).

588 1548 815 1593 Henricus
835 1546 1005 1609 itaque,
1033 1544 1116 1590 hac
1137 1545 1335 1590 victoria
1356 1544 1520 1600 elatus,
1545 1545 1797 1607 imperium
1811 1545 1937 1609 quod

522 1624 742 1671 amiserat
766 1624 956 1675 invasit,
989 1622 1188 1668 rebelles
1212 1623 1447 1677 coercuit,
1470 1622 1746 1686 magnisque
1765 1622 1850 1668 sibi
1873 1625 1938 1669 vi-

522 1700 653 1748 ribus
693 1700 897 1747 adauctis
936 1701 1136 1746 Romam
1187 1697 1398 1755 obsedit,
1437 1709 1684 1763 totumque
1715 1710 1936 1746 conatum

523 1791 687 1827 eontra
699 1779 985 1843 Gregorium
1004 1778 1174 1840 Papam
1190 1777 1416 1823 exercuit.
1439 1776 1588 1822 Menti
1609 1779 1725 1841 ejus,
1738 1789 1789 1823 ut
1806 1776 1942 1834 reor,⁸

523 1858 709 1922 penitus
762 1855 1026 1911 exciderat,
1071 1853 1198 1918 quod
1242 1853 1450 1900 Absalon
1505 1854 1718 1918 ingentes
1760 1866 1936 1901 turmas

524 1946 688 1981 contra
747 1931 897 1979 David
949 1942 1134 1996 patrem
1186 1949 1321 1976 suum
1369 1942 1689 1995 congesserat,
1738 1932 1937 1980 consilio

528 2009 810 2073 Achitophel
829 2008 1052 2055 Gilonitis
1063 2025 1191 2053 arma
1206 2007 1458 2064 levaverat,
1474 2009 1666 2072 ipsoque
1680 2019 1812 2071 patre
1831 2027 1937 2055 cum

570 2205 619 2247 (ι)
650 2203 700 2236 (Ie
728 2200 955 2247 paragraphe
983 2199 1074 2233 n'est
1097 2210 1158 2245 pas
1176 2197 1257 2244 plus
1281 2204 1383 2231 exact
1400 2209 1471 2244 que
1490 2197 1522 2231 le
1541 2197 1750 2243 precedent.
1776 2199 1827 2233 Ce
1846 2200 1936 2234 n'est

524 2262 631 2309 qu⁷en
655 2258 754 2307 1093,
768 2266 804 2294 et
822 2271 886 2305 par
904 2260 1129 2305 consequent
1142 2258 1226 2291 huit
1243 2269 1305 2290 ans
1317 2258 1420 2303 apres
1438 2256 1469 2290 la
1483 2263 1579 2290 mort
1590 2257 1634 2290 de
1649 2257 1830 2304 Gregoire
1846 2259 1933 2302 VII,

524 2333 595 2368 que
615 2318 776 2359 Conmd,
801 2318 854 2352 fils
873 2317 917 2351 de
942 2317 1056 2351 Hem-i
1076 2317 1145 2358 IV,
1166 2329 1202 2350 se
1222 2316 1358 2350 revolta
1383 2323 1510 2350 contre
1529 2328 1592 2350 son
1614 2317 1699 2363 pere
1719 2319 1737 2351 Ξι
1757 2317 1935 2364 l’instiga—

523 2382 602 2414 tion
623 2379 667 2413 de
699 2379 730 2413 la
757 2385 932 2412 comtesse
951 2377 1149 2419 Mathilde,
1174 2389 1210 2410 sa
1229 2383 1350 2417 tante,
1379 2383 1416 2410 et
1445 2388 1481 2409 se
1507 2375 1545 2410 fit
1568 2388 1774 2411 couronner
1798 2379 1853 2413 roi
1873 2379 1936 2413 des

524 2438 713 2474 Romains.
732 2439 845 2473 Botre
861 2445 992 2472 auteur
1009 2449 1095 2471 aura
1115 2436 1300 2471 consondu
1313 2435 1460 2471 Conrad
1478 2448 1559 2470 avec
1576 2435 1768 2483 Hodolphe
1780 2465 1788 2480 ‚
1805 2438 1876 2472 duc
1890 2439 1935 2473 de

524 2499 684 2537 Souabe,
711 2499 769 2532 clu
791 2498 845 2532 roi
864 2496 908 2531 de
926 2497 1126 2532 Germanic
1144 2498 1164 2531 ὲι
1180 2496 1213 2530 la
1236 2496 1335 2542 place
1353 2495 1397 2530 de
1416 2507 1481 2529 son
1501 2495 1712 2530 beau-frere
1731 2497 1864 2541 Henri,
1888 2510 1933 2532 en

525 2571 618 2594 mars
647 2570 745 2606 1077,
765 2570 829 2604 par
846 2557 896 2590 les
912 2555 1064 2591 eonseils
1082 2556 1126 2590 de
1143 2556 1327 2601 Gregoire
1350 2555 1438 2590 Vll.
1459 2555 1555 2589 C’est
1573 2567 1612 2589 ce
1630 2555 1777 2589 dernier
1795 2558 1858 2603 qui
1878 2558 1932 2591 fut

525 2621 586 2653 tue
613 2631 659 2653 en
683 2617 908 2652 combattant
928 2622 1055 2650 contre
1079 2617 1192 2650 Henri
1220 2618 1236 2649 ἐι
1258 2615 1289 2649 la
1313 2614 1458 2649 hataille
1478 2613 1523 2648 de
1548 2615 1766 2661 Mersbourg
1785 2615 1853 2662 (15
1870 2629 1932 2651 oc—

524 2683 628 2716 tobre
652 2681 772 2725 1080).
793 2680 852 2714 On
885 2691 1007 2713 assure
1033 2691 1104 2725 que
1133 2679 1164 2712 le
1195 2691 1289 2725 coup
1310 2678 1353 2712 de
1373 2678 1472 2711 lance
1491 2677 1580 2711 dont
1599 2677 1624 2711 il
1644 2686 1793 2712 mourut
1811 2681 1933 2713 venuit

522 2742 567 2776 de
586 2742 616 2776 la
637 2741 733 2774 main
753 2740 797 2773 dc
824 2752 863 2773 ce
882 2740 1000 2773 meme
1020 2738 1196 2773 Godefroi
1217 2738 1262 2772 de
1291 2738 1453 2772 Bouillon
1477 2750 1547 2785 que
1568 2744 1672 2772 notre
1690 2745 1821 2773 auteur
1842 2751 1933 2774 nous

523 2801 721 2848 presentait
743 2806 821 2833 tout
840 2802 856 2833 ix
877 2799 1015 2833 l'heure
1036 2810 1176 2831 comme
1198 2811 1246 2832 nn
1265 2798 1408 2832 ennrnni
1430 2797 1586 2831 acliarnc
1604 2797 1648 2830 de
1668 2798 1896 2844 l'empereur.
