2033 3445
550 284 702 322 LIBER
731 283 975 321 OCTAVUS.
1387 286 1460 323 39}

59 372 328 419 Trecassino
359 371 545 425 comiti,
574 371 704 432 prius
725 368 876 426 dedit,
902 367 1045 432 quam
1069 369 1371 432 postmodum
1394 372 1465 416 fa-

60 449 315 496 mosissimo
340 446 447 493 duci
472 446 737 493 Antiochiae
759 444 1037 491 Buamundo
1061 445 1184 509 apud
1206 445 1464 492 Carnotum

63 525 267 573 tradidit.
300 524 387 569 Hic
420 540 590 586 nempe
621 522 717 568 dux
750 540 876 569 anno
913 522 972 568 ab
1010 524 1333 569 incarnatione
1370 524 1465 570 Do-

60 604 171 650 mini
191 611 244 647 M⁰
256 610 299 647 c0
314 609 382 647 v1⁰
398 601 568 646 Gallias
579 602 726 658 venit,
744 611 790 647 et
803 600 862 646 ab
874 598 1250 646 Occidentalibus
1262 600 1464 663 populis,

61 691 218 744 utpote
234 679 498 743 praecipuus
518 676 760 724 christiani
784 678 1014 724 exercitus
1040 677 1250 741 signifer,
1276 693 1467 740 suscep-

62 770 131 804 tus
159 756 333 821 ubique
369 755 554 802 claruit.
591 754 839 801 Praesatam
869 771 1058 819 quoque
1089 754 1211 818 regis
1241 753 1386 799 filiam
1419 754 1466 799 in

32 862 36 867 ·
60 835 178 882 ans
195 844 351 897 partes
368 849 525 879 secum
544 831 694 878 duxit.
718 833 866 878 Multa
886 848 1074 897 quoque
1097 831 1468 878 occidentalium

63 913 202 958 millia
227 928 382 957 secum
405 920 570 956 contra
594 909 806 956 ethnicos
832 908 1054 972 perduxit
1078 910 1167 971 (ι).
1198 907 1288 954 Sed
1321 908 1368 953 in
1391 907 1467 953 illa

64 1002 170 1037 tunc
187 989 479 1053 profectione
499 986 912 1052 peregrinantibus
937 986 994 1033 ad
1016 996 1183 1034 votum
1207 1002 1291 1049 per
1310 985 1465 1032 omnia

64 1064 153 1113 non
182 1066 399 1129 contigit.

123 1143 260 1189 XXI.
292 1143 336 1207 [1
354 1142 484 1206 108.]
520 1142 663 1188 Anno
691 1141 750 1187 ab
782 1142 1111 1188 Incarnatione
1131 1141 1323 1188 Domini
1349 1150 1401 1185 π’
1426 1150 1466 1185 c⁰

64 1222 264 1283 V111⁰(2),
277 1220 536 1267 indictione
547 1220 713 1283 prima,
725 1219 1005 1266 Guillelmus
1013 1219 1387 1282 archiepiscopus
1397 1219 1467 1280 (5)

63 1299 310 1346 concilium
334 1298 590 1362 praesulum
615 1308 662 1344 et
683 1296 907 1343 abbatum
930 1297 1183 1361 Rotomagi
1208 1312 1470 1360 congrega-

61 1377 150 1434 vit,
175 1387 222 1422 et
244 1375 300 1422 de
324 1375 592 1422 necessariis
617 1375 839 1422 Ecclesiae
864 1374 1004 1421 rebus
1033 1392 1141 1421 cum
1168 1373 1471 1437 suffraganeis

63 1453 149 1500 suis
169 1470 256 1517 per
273 1453 452 1517 aliquot
471 1452 566 1498 dies
580 1453 813 1498 tractavit.
832 1453 967 1498 Tunc
987 1451 1227 1507 Radulsus,
1246 1451 1471 1497 Constan-

64 1530 136 1576 tiae
152 1528 281 1575 urbis
298 1530 542 1592 episcopus
559 1530 649 1591 (4),
673 1527 728 1574 ad
750 1527 1006 1591 hospitium
1021 1527 1229 1573 Serlonis
1242 1526 1472 1589 Sagiensis

61 1607 288 1671 episcopi,
328 1607 409 1671 qui
446 1607 702 1670 sapientior
739 1615 865 1662 erat,
903 1606 1060 1662 venit,
1098 1616 1144 1651 et
1180 1621 1291 1650 cnm
1327 1620 1382 1649 eo
1415 1602 1472 1648 de

47 1685 274 1748 plurimis
294 1685 496 1741 locutus,
522 1685 759 1747 copiosam
784 1684 1017 1730 rationem
1037 1682 1094 1728 de
1114 1681 1368 1745 propositis
1387 1698 1472 1726 au-

65 1761 195 1809 divit..
223 1761 433 1809 Tandem
459 1763 582 1809 inter
605 1772 771 1808 caetera
800 1761 1020 1824 praesatus
1042 1760 1253 1823 pontifex
1283 1758 1467 1813 retulit,

68 1840 222 1888 dicens
256 1862 266 1886 :
299 1846 357 1887 In
395 1840 504 1887 urbe
539 1853 702 1886 nostra
731 1850 799 1886 est
829 1839 1033 1885 basilica
1066 1840 1115 1883 in
1145 1838 1322 1883 honore
1352 1836 1475 1882 beati

72 1921 204 1964 Petri
221 1918 428 1983 apostoli
447 1917 517 1980 (5)
544 1917 605 1963 ab
628 1918 840 1981 antiquis
864 1915 1148 1980 temporibus
1172 1925 1468 1972 constructa,

72 1995 153 2041 ubi
179 1996 407 2042 divinitus
441 1995 591 2041 multa
625 1995 738 2041 olim
766 2005 1045 2060 perpetrata
1077 2004 1186 2039 sunt
1220 1992 1471 2039 miracula.

73 2073 240 2120 Multa?
258 2076 489 2121 sanitates
509 2075 703 2137 cegrotis
724 2072 793 2118 ibi
811 2076 1125 2136 contigerunt,
1149 2082 1192 2116 et
1209 2070 1477 2118 multotiens

117 2252 165 2296 (ι)
185 2252 308 2298 Voyez
329 2251 525 2293 ‹zi-(lessus,
548 2258 575 2285 t.
596 2251 651 2293 11,
674 2263 710 2296 p.
733 2250 813 2293 448.

119 2311 167 2356 (2)
187 2310 217 2344 ll
236 2317 290 2345 est
311 2310 519 2357 impossible
540 2309 584 2344 de
606 2309 822 2356 s'expliquei·
842 2308 961 2355 quelle
982 2308 1101 2342 raison
1121 2320 1140 2341 a
1161 2319 1210 2354 pu
1231 2314 1356 2353 porter
1376 2314 1481 2342 notre

77 2376 201 2404 auteur
220 2373 239 2404 a
260 2371 505 2417 interrompre
526 2371 571 2404 ici
589 2370 853 2416 hrusquement
869 2367 1004 2402 l’ordre
1024 2367 1086 2402 des
1104 2375 1221 2414 temps
1241 2374 1278 2402 et
1297 2367 1360 2402 des
1381 2367 1480 2412 faits,

76 2441 167 2474 pour
184 2441 219 2464 se
235 2430 340 2464 hziter
357 2429 529 2464 d'arriver
549 2442 594 2463 au
614 2429 703 2464 recit
723 2428 810 2462 d'uu
831 2428 983 2475 prodige
1003 2428 1030 2461 si
1053 2440 1122 2473 peu
1144 2427 1254 2474 digne
1273 2427 1318 2461 de
1338 2434 1484 2462 trouver

78 2487 175 2534 place
194 2489 282 2524 dans
302 2502 352 2523 un
373 2490 465 2524 ecrit
485 2490 636 2524 serieux.

124 2547 173 2594 (3)
203 2549 413 2584 Guillaume
439 2549 697 2591 Bonne-Ame‚
729 2548 953 2595 archeveque
982 2547 1027 2581 de
1059 2546 1188 2580 Rouen
1217 2545 1353 2591 (juillet
1383 2559 1468 2593 ¹⁰70

80 2619 102 2653 9
120 2608 247 2643 sevrier
270 2612 391 2651 1110).

126 2667 173 2712 (l.)
194 2668 328 2711 Raoul,
350 2669 484 2715 ‘aveque
505 2668 549 2703 de
570 2669 772 2703 Contances
792 2665 834 2709 (3
852 2665 939 2700 avril
963 2665 1196 2713 1095-1110).

127 2727 172 2772 (5)
193 2728 221 2762 ΙΙ
240 2730 348 2764 existe
367 2741 496 2764 (encore
514 2731 532 2763 a
550 2730 752 2763 (lontancvs
772 2740 841 2760 nnt-
859 2726 967 2768 &glise
985 2726 1189 2773 paroissiaic
1208 2725 1252 2759 do
1269 2738 1307 2759 cc
1324 2737 1419 2767 nom,
1443 2736 1487 2757 au

86 2786 169 2820 midi
192 2787 235 2820 (ΙΡ
258 2788 285 2820 la
309 2788 525 2822 czulw'dradv.
