2085 3455
562 370 636 405 11:10
921 366 1161 404 HISTORIA
1192 366 1588 404 ECCLESIASTICA.
1850 369 1959 415 [977]

620 452 799 500 Deinde
812 463 921 518 post
934 471 1030 500 non
1043 454 1218 500 multos
1229 452 1342 510 dies,
1361 452 1633 500 Hlotharius
1647 468 1748 511 rex,
1766 468 1962 517 congre-

556 550 669 596 gans
693 532 952 578 exercitum
980 532 1222 595 copiosum
1244 530 1405 587 valde,
1441 530 1678 577 revocavit
1705 531 1754 576 in
1779 529 1962 577 ditione

556 627 635 655 sua
657 609 960 656 Hlotharium
983 626 1185 674 regnum
1209 609 1298 672 (1),
1321 610 1607 674 veniensque
1632 608 1688 655 ad
1706 609 1958 672 palatium,

556 687 684 752 quod
707 699 904 734 vocatur
932 687 1215 752 Aquisgrani
1229 723 1243 745 ‚
1274 687 1353 733 ubi
1379 687 1599 734 manebat
1622 687 1733 734 Otto
1760 688 1965 751 impera-

557 776 634 812 tor
658 783 765 812 cum
789 783 962 824 uxore,
990 765 1104 812 hora
1130 763 1416 828 prandendi,
1449 766 1773 829 ingressusque
1803 765 1849 810 in
1878 783 1965 829 pa-

556 844 740 901 latium,
759 843 949 890 nemine
966 841 1334 900 contradicente,
1355 841 1665 889 comederunt
1679 852 1725 888 et
1737 841 1966 889 biberunt

557 920 785 986 quidquid
810 921 877 967 illi
898 920 954 967 ad
974 938 1079 967 suos
1098 938 1203 966 usus
1226 929 1524 983 paraverann
1550 919 1662 966 Otto
1683 937 1799 967 vero
1822 919 1967 984 impe-

556 1008 705 1055 rator,
733 1015 840 1044 cum
859 1014 1006 1044 uxore
1026 1015 1104 1043 sua
1124 1008 1171 1043 et
1191 997 1370 1060 populo
1387 997 1591 1060 fugiens,
1622 997 1816 1062 reliquit
1838 998 1965 1061 pala-

558 1074 691 1119 tium.
716 1073 997 1138 Depraedato
1027 1074 1183 1137 itaque
1205 1073 1477 1120 Hlotharius
1502 1090 1586 1119 rex
1606 1074 1780 1138 palatio
1804 1085 1850 1121 et
1870 1085 1966 1122 tota

556 1150 829 1208 Provincia,
848 1168 1062 1198 reversus
1078 1151 1210 1197 estin
1228 1151 1262 1196 F
1267 1151 1475 1198 ranciam
1493 1169 1599 1199 cum
1620 1169 1756 1216 pace,
1777 1153 1967 1199 nemine

558 1239 865 1293 persequente
889 1228 976 1291 (2).

620 1305 731 1351 Post
769 1305 899 1362 haec,
938 1305 1050 1351 Otto
1090 1305 1349 1368 impelator
1384 1322 1675 1388 congregans
1707 1323 1816 1353 exe1
1821 1317 1967 1354 citum

557 1400 717 1440 suum,
744 1383 876 1429 venit
907 1383 1131 1440 Parisius‚
1157 1382 1236 1429 uhi
1271 1370 1560 1430 interfectus
1560 1395 1627 1430 est
1650 1401 1794 1448 nepos
1826 1384 1969 1448 ipsius

558 1419 767 1515 Ottonis,
795 1476 903 1505 cum
930 1459 1031 1505 aliis
1051 1419 1294 1522 pluribus,
1321 1459 1378 1505 ad
1414 1471 1603 1523 poltam
1637 1460 1861 1516 civitatis,
1891 1460 1968 1506 in·-

558 1551 697 1581 censo
712 1534 942 1581 suburbio
958 1535 1098 1581 illius.
1116 1536 1142 1580 J
1146 1545 1381 1581 actaverat
1397 1553 1601 1600 namque
1614 1553 1660 1582 se
1675 1535 1966 1594 extollendo,

557 1611 717 1658 dicens
747 1611 874 1676 quod
897 1612 1110 1658 lanceam
1139 1630 1270 1658 suam
1307 1613 1525 1677 infigeret
1551 1613 1598 1659 in
1626 1614 1825 1659 civitatis
1844 1630 1968 1677 por-

558 1700 672 1736 tam.
691 1686 965 1737 Convocans
980 1690 1410 1754 igiturHlotharius
1428 1708 1512 1737 rex
1532 1692 1782 1754 Hugonem
1802 1690 1970 1738 ducem

558 1767 853 1814 Francorum
867 1803 880 1824 ,
903 1778 950 1813 et
973 1768 1250 1815 Hainricum
1274 1767 1440 1815 ducem
1459 1768 1854 1833 Burgundionum
1869 1805 1883 1827 ,
1905 1769 1971 1815 ir-

559 1861 794 1909 ruensque
832 1845 880 1891 in
913 1861 1015 1902 eos,
1049 1845 1340 1909 fugientibus
1368 1846 1460 1892 illis
1494 1857 1765 1910 persecutus
1798 1857 1867 1893 est
1889 1864 1970 1893 us—

558 1940 649 1987 que
684 1923 940 1970 Suessionis
976 1923 1180 1970 civitate.
1221 1924 1295 1970 Illi
1333 1935 1490 1970 autem
1525 1924 1720 1988 ingressi
1761 1923 1971 1970 fluminis

559 2002 768 2058 alveum,
789 2000 917 2066 quod
948 2001 1122 2047 dicitur
1146 2001 1337 2059 Axona,
1367 2003 1624 2049 nescientes
1647 2002 1836 2060 vadum,
1862 2002 1972 2066 plu-

559 2079 668 2125 rimi
689 2078 753 2124 ibi
782 2078 1045 2142 perierunt.
1072 2079 1136 2124 Et
1155 2079 1307 2126 multo
1326 2079 1484 2142 plures
1513 2078 1803 2144 consumpsit
1825 2096 1969 2144 aqua,

558 2173 702 2221 quam
723 2155 902 2220 gladius
921 2168 1143 2203 vorasset.
1167 2157 1231 2202 Et
1244 2157 1363 2203 tanti
1388 2156 1452 2203 ibi
1473 2157 1744 2221 perierunt,
1760 2167 1814 2202 ut
1830 2157 1972 2203 etiam

558 2251 676 2298 aqua
697 2232 984 2280 redundaret
1008 2233 1310 2280 cadaveribus
1334 2245 1656 2282 mortuorum.
1684 2233 1819 2299 Aqua
1843 2235 1971 2280 enim

562 2312 839 2375 impleverat
862 2313 987 2375 ripas
1007 2330 1125 2358 suas.
1146 2313 1420 2359 Hlotharius
1434 2329 1549 2359 vero
1572 2329 1674 2369 rex,
1699 2321 1971 2359 constanter

560 2404 844 2452 persequens
871 2388 978 2435 illos
1003 2388 1153 2435 tribus
1178 2388 1342 2435 diebus
1367 2401 1413 2436 et
1438 2387 1590 2435 tribus
1615 2387 1860 2446 noctibus,
1890 2405 1971 2434 us-

559 2481 650 2528 que
673 2464 730 2510 ad
753 2465 953 2511 fluvium
967 2502 979 2522 ,
1007 2465 1133 2529 quod
1152 2466 1257 2512 fluit
1273 2468 1404 2530 juxta
1425 2466 1726 2523 Ardennam,
1749 2467 1845 2512 sive
1871 2465 1971 2511 Ar-

560 2559 734 2606 gonam
752 2546 819 2606 (ὅ)
834 2580 845 2600 ,
873 2544 1107 2591 interfecit
1126 2561 1181 2591 ex
1203 2544 1415 2591 hostibus
1437 2545 1692 2590 maximam
1710 2542 1972 2590 multitudi-

606 2689 655 2733 (1)
673 2688 771 2723 Lisez
789 2704 794 2722 ·.
815 2687 1009 2723 ΗΙοίΙῑανίί.

606 2746 656 2792 (2)
675 2747 781 2781 Cettc
797 2747 957 2793 surprise
976 2759 1046 2795 quc
1064 2755 1168 2783 notre
1192 2756 1321 2783 auteur
1339 2761 1357 2782 a
1377 2748 1457 2794 deja
1472 2750 1663 2796 rapportee
1679 2748 1872 2791 ci—dessus‚
1890 2755 1915 2781 t.
1938 2748 1966 2787 l,

560 2819 592 2851 p.
618 2805 703 2848 168,
722 2814 785 2842 eut
802 2807 875 2842 lieu
894 2819 972 2842 vers
994 2807 1023 2841 la
1046 2808 1093 2842 fin
1110 2808 1154 2843 ‹lc
1170 2808 1252 2853 juin
1273 2820 1354 2856 977.

608 2865 656 2910 (3)
672 2866 776 2902 Cettc
791 2867 951 2902 invasion
969 2875 1030 2902 eut
1049 2867 1120 2903 lieu
1136 2880 1179 2902 au
1201 2869 1291 2903 mois
1312 2868 1498 2903 d'octobse
1519 2868 1563 2902 dc
1581 2866 1611 2901 la
1636 2867 1750 2902 meme
1770 2867 1893 2901 anncc
