2085 3455
573 312 651 349 53⁶2
690 347 693 351 ,
936 309 1177 347 Hls't'OfflA
1210 309 1613 347 ECCLESIASTICA.
1719 313 1836 359 [veuit
1865 314 1983 362 1098]

571 413 734 460 aspere
753 395 1010 442 calcaribus
1030 395 1308 460 urgebatur,
1333 406 1379 441 et
1403 395 1565 440 laxatis
1592 394 1786 441 habenis
1808 397 1988 461 fugien-

572 485 638 520 tes
658 474 950 537 praeveniens
965 510 978 531 ,
1005 472 1175 519 urbem
1201 474 1434 536 ingressus
1454 483 1538 518 est.
1567 473 1666 518 Hoc
1688 483 1813 519 totus
1838 491 1987 538 popu-

570 552 668 609 lus,
703 551 784 616 qui
813 552 859 596 in
898 551 1046 596 muris
1082 561 1130 596 et
1166 549 1537 613 propugnaculis
1571 549 1749 607 stabat,
1784 561 1837 596 ut
1868 568 1986 614 pro—

568 629 743 693 spexit,
770 626 903 674 valde
927 638 1127 674 moestus
1153 628 1468 681 contremuit,
1494 638 1540 672 et
1562 625 1618 673 de
1649 638 1782 674 tanto
1807 629 1985 674 strenui

569 706 762 753 baronis
784 706 878 752 ictu
894 705 1097 769 plurima
1113 723 1219 752 cum
1239 705 1456 751 lamentis
1477 704 1620 750 verba
1639 706 1860 751 evomuit,
1881 706 1989 752 Dies

569 782 864 830 multimodae
900 783 1095 839 mortis,
1135 783 1231 828 dies
1259 783 1337 828 illa
1372 782 1629 845 gentilibus
1667 783 1911 840 illuxerat,
1939 783 1985 828 in

569 880 660 926 qua
701 862 776 907 vix
813 862 981 925 aliquis
1020 860 1085 906 ibi
1126 870 1527 924 congregatorum
1568 871 1774 906 mortem
1813 861 1989 907 evitare

569 948 772 1002 poterat.
811 937 1058 994 Mulieres,
1099 955 1125 982 a
1158 954 1409 983 murorum
1446 948 1492 982 et
1517 937 1986 1000 propugnaculorum

568 1016 859 1080 spectaculis;
882 1032 1080 1062 suorum
1102 1015 1314 1060 miserias
1338 1013 1731 1077 prospectabant,
1751 1025 1798 1060 et
1817 1031 1991 1060 succes-

569 1094 676 1139 sivis
694 1094 991 1140 Francorum
1014 1091 1411 1156 prosperitatibus
1436 1090 1729 1138 invidebant.
1752 1092 1806 1137 ln
1823 1092 1992 1155 praelio

571 1172 653 1218 illo
684 1170 937 1218 duodecim
957 1171 1220 1234 principes,
1248 1187 1366 1234 quos
1404 1168 1692 1215 Admiralios
1723 1180 1920 1227 vocant,
1947 1180 1993 1215 et

568 1250 699 1296 mille
722 1250 975 1313 quingenti
1001 1249 1174 1294 milites
1198 1248 1428 1311 praecipui
1458 1247 1634 1293 mortui
1658 1258 1793 1305 sunt,
1822 1247 1993 1311 aliique
2049 1291 2052 1294 .

570 1328 743 1374 timore
760 1328 929 1384 nimio,
954 1344 1013 1373 ne
1032 1328 1082 1372 in
1102 1326 1394 1372 Christianos
1412 1324 1591 1389 aliquid
1611 1336 1891 1389 arroganter
1912 1325 1991 1371 ini-

571 1416 707 1463 rent,-
740 1406 986 1469 perterriti
1027 1416 1153 1450 sunt.
1197 1405 1479 1467 Intempesta
1508 1420 1604 1449 nox
1628 1404 1849 1466 praelium
1873 1401 1996 1449 dire-

572 1484 676 1529 mit.
703 1482 977 1539 Christiani,
1004 1484 1050 1528 in
1071 1482 1279 1529 Domino
1299 1483 1409 1528 Jesu
1431 1482 1667 1539 laetantes,
1688 1481 1745 1528 ad
1768 1499 1874 1528 suos
1892 1482 1995 1528 vic-—

573 1562 734 1607 toriosi
762 1560 1034 1616 redierunt,
1060 1572 1108 1606 et
1125 1577 1270 1624 equos
1289 1560 1466 1606 multos
1489 1577 1596 1605 cum
1619 1560 1779 1623 spoliis
1797 1559 1995 1623 copiosis

571 1655 730 1685 secum
762 1637 1079 1684 adduxerunt.
1116 1638 1170 1682 In
1212 1637 1419 1683 crastino
1450 1653 1588 1682 mane
1624 1637 1767 1682 Turci
1801 1651 1994 1683 suorum

571 1715 793 1762 cadavera
833 1715 1156 1778 collegerunt,
1183 1724 1228 1759 et
1265 1714 1388 1759 ultra
1423 1724 1619 1776 pontem
1649 1712 1706 1759 ad
1729 1713 1996 1759 Machoman

572 1793 693 1838 riam
717 1801 825 1837 ante
848 1801 1036 1854 portam
1060 1790 1260 1835 civitatis
1287 1789 1592 1852 sepelierunt.
1617 1789 1761 1835 Pallia
1784 1806 1992 1854 quoque?

573 1881 618 1916 et
640 1870 867 1933 pretiosas
891 1869 1079 1914 exuvias
1105 1867 1580 1924 subtumulaverunt,
1603 1878 1650 1912 et
1671 1884 1805 1913 arcus
1823 1878 1869 1913 et
1885 1866 1996 1930 pha-

574 1959 723 1995 retras
751 1958 798 1994 et
819 1947 1053 2010 plurimos
1073 1946 1324 2009 byzanteos
1344 1955 1647 1992 mortuorum
1669 1945 1993 2008 procurationi

576 2025 866 2090 adjecerunt.
900 2024 1006 2083 Quo
1038 2022 1293 2068 Christiani
1330 2033 1602 2085 comperto,
1633 2022 1839 2085 sepultos
1862 2021 1996 2068 dese·

576 2102 834 2166 pelierunt,
861 2099 1374 2164 concupiscibilemque
1390 2099 1698 2145 substantiam
1716 2109 1995 2162 rapuerunt,

578 2192 624 2227 et
649 2197 851 2243 corpora
884 2189 1169 2242 congregata
1204 2178 1253 2223 in
1276 2177 1459 2224 foveam
1487 2194 1632 2222 unam
1656 2177 1997 2223 contumeliose

576 2259 900 2322 projecerunt.
918 2255 1164 2303 Burdones
1184 2272 1300 2302 vero
1325 2265 1549 2319 quatuor,
1572 2270 1804 2300 caesorum
1822 2254 1997 2318 capiti-

578 2335 665 2382 bus
687 2345 899 2390 onustos‚
924 2333 981 2379 ad
1006 2344 1193 2397 portam
1218 2333 1478 2390 miserunt;
1501 2349 1607 2396 quae
1634 2332 1756 2378 cives
1776 2342 1822 2378 et
1840 2330 1997 2394 Baby—

580 2411 723 2459 lonici
751 2410 890 2474 legati
930 2409 1169 2467 videntes,
1205 2407 1513 2455 vehementer
1535 2407 1816 2462 doluerunt,
1856 2418 1902 2453 et
1940 2406 1997 2452 ad

582 2499 786 2535 mortem
810 2504 955 2552 usque
975 2486 1242 2535 contristati
1267 2496 1377 2532 sunt
1402 2487 1491 2549 (1).

628 2634 680 2681 (1)
703 2634 803 2668 Nous
823 2646 868 2668 ne
886 2645 1021 2680 voyons
1042 2645 1103 2680 pas
1126 2632 1309 2680 pourquoi
1337 2631 1483 2679 l'aspect
1509 2631 1554 2665 de
1581 2643 1638 2665 ces
1663 2632 1754 2666 tetes
1779 2631 1898 2665 aurait
1920 2630 1995 2675 jete

581 2694 670 2728 dans
687 2706 736 2728 un
755 2694 781 2727 si
804 2692 919 2738 grand
933 2693 1119 2740 desespoir
1134 2692 1185 2727 les
1201 2691 1475 2726 ambassadeurs
1493 2682 1710 2737 Egyptiens‚
1731 2703 1886 2738 presque
1901 2689 1994 2724 aussi

581 2753 745 2787 ennemis
767 2752 830 2786 des
852 2752 988 2793 Tums,
1013 2752 1120 2799 qu’ils
1143 2751 1375 2798 regardaient
1399 2762 1541 2785 comme
1561 2750 1624 2785 des
1647 2751 1857 2797 liere'tiques
1879 2757 1914 2784 et
1934 2749 1995 2783 des

582 2812 880 2860 scnismaiiques‚
902 2824 972 2858 quc
992 2811 1054 2845 des
1073 2812 1280 2846 Clu-etiem.
