2085 3455
622 289 699 325 :368
988 286 1227 323 HISTORIA
1260 284 1657 322 ECCLESIASTICA.
1883 286 2015 336 [1091]

624 373 752 419 tandi
771 391 919 427 causa,
935 373 1084 419 donec
1096 374 1326 437 equitatus
1341 372 1666 434 pertransiret,
1687 371 1780 415 cito
1793 369 2019 418 divertere

623 452 790 498 voluit.
816 451 992 497 Verum
1019 450 1208 515 quidam
1232 450 1438 495 enormis
1460 459 1671 503 staturae,
1697 448 1846 493 serens
1866 448 2020 510 ingen—

625 540 721 575 tem
744 546 1012 583 maxucam,
1053 527 1378 590 presbyterum
1406 536 1742 588 properantem
1766 526 2016 587 praevenit,

624 617 671 652 et
693 623 830 669 super
862 616 1000 668 caput
1026 606 1121 668 ejus
1152 605 1303 650 levato
1325 614 1455 649 vecte
1488 602 1637 648 dixit:
1667 603 1779 659 Sta,
1807 619 1892 647 nec·
1915 620 2020 665 [ηό-

624 684 857 746 gr‘erlicm's-
895 683 1035 727 ultra.
1083 682 1195 726 Mox
1241 681 1482 743 presbyter
1526 679 1746 742 diriguit,
1785 689 1830 724 et
1861 678 2022 725 baculo

623 778 765 826 quem
794 759 1030 823 bajulabat
1056 758 1353 820 appodiatus,
1385 756 1638 804 immobilis
1663 757 1804 801 stetit.
1843 755 2022 802 Arduus

625 855 739 884 vero
764 838 956 882 vecti-ser
980 838 1106 899 juxta
1126 852 1232 881 eum
1253 834 1427 889 stabat,
1453 845 1499 879 et
1518 834 1633 879 nihil
1656 835 1694 878 ei
1720 849 1894 878 nocens
1911 850 2025 894 prae-

628 925 891 960 tereuntem
929 913 1188 959 exercitum
1222 910 1511 974 expectabat.
1547 911 1667 957 Ecce
1702 911 1864 972 ingens
1897 909 2025 955 turba

626 990 839 1053 perlitum
860 987 1177 1051 pertransibat
1195 1024 1204 1042 ,
1234 999 1279 1033 et
1306 986 1502 1050 pecudes
1523 1005 1573 1033 ac
1593 998 1738 1032 vestes
1754 1023 1764 1036 ,
1786 986 2025 1032 multimo-

628 1066 829 1129 damque
858 1064 1224 1127 supellectilem,
1255 1073 1300 1108 et
1328 1062 1506 1108 diversa
1535 1063 1746 1107 utensilia
1763 1098 1773 1117 ,
1799 1078 1903 1124 quae
1922 1079 2031 1124 prae-

629 1142 775 1188 dones
809 1153 1050 1204 asportare
1080 1141 1258 1198 solent,
1285 1157 1423 1202 super
1449 1140 1567 1186 colla
1601 1139 1901 1202 scapulasque
1937 1156 2032 1184 suas

629 1217 826 1264 serebat.
866 1218 1037 1262 Omnes
1071 1217 1296 1262 nimirum
1335 1214 1733 1270 lamentabantur,
1768 1231 1824 1259 se:
1838 1230 1955 1278 eque
1985 1225 2033 1260 ut

629 1294 902 1339 festinarent
944 1291 1336 1339 cohortabantur.
1389 1292 1564 1337 Multos
1598 1292 1737 1337 etiam
1779 1291 2031 1336 vicinorum

632 1388 853 1426 suorum,
883 1371 961 1434 qui
989 1386 1138 1432 nuper
1169 1369 1410 1423 obierant,
1440 1367 1682 1430 presbyter
1708 1366 1879 1412 ibidem
1899 1383 2033 1413 reco—

633 1447 798 1510 gnovit
812 1482 823 1502 ,
849 1457 895 1491 et
913 1455 1170 1491 moerentes
1189 1461 1278 1507 pro
1302 1444 1483 1507 magnis
1503 1443 1740 1506 suppliciis
1754 1480 1766 1501 ,
1789 1443 1958 1507 quibus
1976 1441 2034 1488 ob

631 1523 836 1569 facinora
855 1540 933 1568 sua
957 1521 1322 1585 torquebantur,
1349 1520 1543 1566 audivit.
1571 1519 1748 1566 Deinde
1774 1532 1924 1566 turma
1944 1536 2037 1566 ves-

634 1601 871 1663 pilionum
907 1601 977 1661 (1)
1009 1610 1162 1644 secuta
1197 1609 1289 1653 est,
1327 1598 1400 1643 cui
1436 1599 1655 1660 praefatus
1688 1599 1814 1661 gigas
1849 1608 2037 1660 repente

636 1679 880 1724 associatus
911 1688 991 1722 est.
1025 1677 1214 1723 Feretra
1248 1677 1343 1721 sere
1378 1676 1718 1739 quinquaginta
1749 1674 2035 1732 serebantur,

636 1767 684 1802 et
716 1754 1088 1818 unumquodque
1128 1771 1151 1798 a
1190 1753 1372 1799 (luobus
1411 1752 1575 1816 bajulis
1611 1753 1865 1798 serebatur.
1894 1755 2039 1799 Porro

638 1850 777 1895 super
804 1834 974 1877 feretra
998 1831 1210 1876 homines
1237 1831 1368 1892 parvi
1396 1830 1523 1875 velut
1553 1830 1662 1874 nani
1692 1829 1939 1889 sedebant,
1967 1829 2039 1876 sed

639 1928 805 1973 magua
832 1909 980 1972 capita
1008 1924 1090 1953 ceu
1117 1907 1239 1952 dolia
1266 1906 1519 1952 habebant.
1547 1907 1716 1970 Ingens
1739 1908 1876 1953 etiarn
1905 1919 2040 1952 trun-

640 2006 719 2033 cus
733 2006 755 2032 a
771 1985 953 2032 duobus
966 1984 1269 2048 AEthiopibus
1288 1984 1585 2048 portabatur,
1610 1995 1655 2030 et
1673 2001 1812 2047 super
1829 1996 2039 2031 truncum

642 2065 832 2129 quidam
865 2064 1096 2118 misellus,
1133 2062 1234 2108 dire
1263 2063 1456 2126 ligatus,
1494 2063 1809 2118 cruciabatur,
1847 2074 1893 2109 ct
1925 2063 2043 2108 inter

643 2159 841 2205 angores
856 2141 982 2186 diros
1000 2140 1203 2186 ululatus
1219 2141 1455 2197 emittens,
1473 2138 1833 2186 vociferabatur.
1849 2140 2046 2186 Teterri-

646 2306 675 2339 la
698 2306 777 2339 nuit
795 2304 1068 2338 d'adminisuer
1089 2316 1137 2337 un
1157 2304 1296 2338 malade
1314 2316 1356 2337 au
1376 2303 1504 2349 village
1521 2303 1571 2336 du
1592 2303 1698 2343 Bosc,
1719 2310 1845 2336 trouva
1862 2315 1903 2336 au
1922 2303 1982 2336 bas
2000 2301 2043 2335 (ln

645 2367 710 2411 pre
729 2363 908 2403 ‹Pom-et,
929 2365 947 2395 a
968 2375 1016 2395 un
1038 2363 1224 2396 cai-resour
1244 2364 1389 2396 nomme
1412 2362 1460 2395 les
1485 2361 1789 2395 Posses-,naiades
1811 2362 1849 2407 (a
1867 2373 1970 2394 cause
1989 2360 2046 2394 des

646 2424 755 2457 fusses
765 2423 826 2468 qui
841 2421 1077 2463 l'avoisinent‚
1095 2427 1131 2454 et
1142 2421 1230 2454 dans
1244 2420 1433 2466 lesquelles
1445 2432 1490 2453 on
1503 2419 1934 2460 enterrales11101·ts,lors
1945 2418 2047 2452 d'unc

630 2481 826 2529 ‘epideinie
840 2481 901 2526 qui
922 2492 1067 2526 ravagea
1084 2479 1116 2513 la
1131 2480 1319 2526 paroisse),
1340 2492 1411 2513 une
1429 2480 1610 2513 trent-aine
1624 2479 1826 2513 d'liommes
1843 2478 1993 2512 habilles
2006 2477 2047 2511 de

650 2553 780 2587 rouge,
803 2540 852 2573 les
871 2550 938 2573 uns
957 2541 975 2572 a
992 2539 1076 2584 pied
1095 2546 1131 2572 et
1152 2539 1200 2573 les
1217 2546 1338 2573 autres
1351 2541 1369 2572 a
1383 2539 1518 2572 cheval.
1538 2539 1605 2573 Ces
1625 2539 1787 2572 hommes
1805 2537 2048 2572 conduisirent

650 2601 681 2635 le
699 2601 786 2634 cure
802 2598 973 2645 jusqu'au
994 2598 1084 2632 haut
1102 2598 1150 2632 du
1170 2600 1251 2644 pre,
1273 2611 1318 2632 en
1337 2598 1369 2631 le
1387 2598 1581 2631 sollicitant
1599 2597 1782 2643 d’abjurer
1799 2609 1833 2630 sa
1850 2597 2000 2640 religion
2015 2601 2049 2629 et

648 2661 693 2695 de
708 2660 828 2694 renier
842 2658 949 2692 Dieu.
971 2659 1108 2692 Toutes
1122 2657 1219 2691 leurs
1235 2659 1414 2691 instances
1430 2664 1537 2703 ayant
1550 2657 1710 2700 echone,
1731 2656 1774 2690 ils
1791 2669 1826 2691 se
1841 2657 2045 2695 retirbrent,

649 2726 686 2754 et
706 2718 891 2752 laissi‘rent
910 2715 942 2750 le
959 2716 1030 2750 hon
1052 2716 1322 2762 ecclesiastique
1341 2728 1517 2761 regagner
1536 2728 1579 2749 en
1601 2716 1681 2762 paix
1701 2727 1764 2749 son
1785 2715 2002 2761 presbytere.

696 2778 745 2821 (ι)
766 2777 938 2809 portem-s
