2033 3445
587 280 740 317 LIBER
770 279 1015 317 OCTAVUS.
1425 280 1501 318 455

91 369 200 414 Haec
223 368 402 422 lvonis,
433 366 489 411 de
518 366 818 411 Bellomonte
843 365 1049 421 comitis,
1076 364 1132 410 de
1151 364 1398 427 Judaea(1)
1422 382 1507 428 ge—

92 443 277 500 nitrice,
301 442 395 488 filia
415 443 520 501 suit,
553 443 749 505 viroque
773 459 855 487 suo
877 458 954 486 sex
977 441 1097 487 filios
1115 452 1161 486 et
1181 441 1375 487 totidem
1392 441 1508 488 filias

91 520 297 584 peperit,
338 519 509 583 quibus
550 520 676 563 varia
716 535 818 564 sors
859 519 905 563 in
953 518 1203 563 mundanae
1244 517 1508 565 stabilitatis

91 613 200 659 vaga
228 595 531 641 fluctuatione
558 593 791 640 incubuit.

155 671 445 728 Rodbertus,
467 671 546 735 qui
568 672 724 734 major
743 681 852 716 natu
876 681 993 727 erat,
1016 671 1242 735 trigamus
1259 673 1324 734 (2)
1342 688 1510 718 conse·-

94 750 212 795 nuit.
233 748 329 793 Sub
344 750 477 812 cujus
498 765 642 793 manu
656 747 1017 810 patrimonium,
1035 747 1159 812 quod
1176 748 1284 793 satis
1297 748 1507 810 amplum

93 837 329 888 receperat
347 844 369 871 a
387 836 536 888 patre,
559 824 749 870 decidit.
770 826 871 887 Ipse
886 823 1092 882 tandem,
1107 836 1217 888 post
1227 841 1411 871 xxxvm
1429 842 1508 871 an-

95 920 179 949 nos
198 920 220 948 a
239 914 394 949 morte
412 904 578 965 patris,
603 901 822 948 kalendas
835 903 953 965 junii
970 913 1186 949 mortuus
1201 912 1269 949 est
1286 903 1374 965 (5),
1395 902 1505 949 etin

100 980 302 1026 Uticensi
320 980 527 1043 capitulo
548 997 651 1025 cum
668 978 847 1024 duabus
870 978 1097 1025 uxoribus
1114 979 1205 1024 suis
1226 999 1235 1024 :
1258 978 1441 1041 Agnete
1464 989 1509 1024 et

98 1056 282 1111 Emma,
316 1057 525 1119 sepultus
548 1068 632 1102 est.
661 1056 957 1111 Guillelmm,
985 1058 1128 1102 frater
1158 1057 1279 1120 ejus,
1309 1056 1354 1101 in
1381 1056 1509 1101 curia

100 1130 337 1177 Guillelmi
401 1133 524 1195 regis
569 1150 753 1195 magnae
813 1132 1134 1178 aestimationis
1177 1133 1288 1188 suit,
1339 1131 1509 1193 ipsum-

100 1225 190 1272 que
209 1226 290 1254 rex
312 1208 426 1255 adeo
446 1209 626 1269 dilexit,
650 1220 701 1254 ut
721 1210 759 1254 ei
781 1220 970 1271 neptem
992 1226 1120 1255 suam
1148 1229 1157 1254 ε
1180 1207 1409 1255 Rodberti
1428 1208 1512 1253 sci-

101 1285 233 1343 licet,
260 1287 491 1332 Moritolii
517 1287 729 1341 comitis,
756 1286 897 1331 filiam
921 1287 1015 1349 (51),
1043 1286 1261 1342 offerret;
1291 1284 1511 1349 quatinus

100 1364 162 1410 sic
197 1365 417 1427 juvenem
454 1365 499 1409 in
532 1382 705 1428 magno
745 1363 926 1410 honore
968 1363 1387 1427 consanguinitatis
1417 1379 1510 1408 suae

99 1443 405 1505 conjunctum
422 1443 665 1487 retineret.
682 1442 896 1505 Denique
911 1440 1138 1504 superbus
1158 1442 1249 1487 tiro
1263 1441 1512 1487 consilium

99 1519 221 1580 regis
250 1519 457 1581 respuit,
498 1530 543 1563 et
584 1519 767 1563 levitate
797 1517 989 1573 ductus,
1031 1536 1135 1564 cum
1161 1516 1404 1563 Rodherto
1430 1516 1512 1562 Gi·-

97 1594 230 1641 sardo
252 1596 321 1657 (5)
337 1632 349 1652 ,
379 1596 571 1658 aliisque
592 1594 833 1658 pluribus,
858 1594 1078 1658 Apuliam
1102 1595 1323 1658 expetiit,
1353 1592 1512 1658 ibique

98 1672 336 1718 Mabiliam
357 1709 368 1729 ,
392 1672 621 1719 Rotiberti
642 1672 877 1719 Wiseardi
900 1673 1040 1718 filiam
1058 1709 1070 1729 ,
1093 1690 1198 1737 quae
1219 1672 1511 1735 Curta-Lupa

98 1749 543 1814 cognominabatur,
582 1768 687 1795 cum
721 1766 782 1795 xv
809 1749 1007 1795 castellis
1036 1750 1284 1812 conjugem
1307 1749 1510 1812 accepit,

98 1826 275 1891 ibique,
290 1839 396 1890 post
410 1827 613 1873 reditum
625 1826 682 1873 de
699 1826 966 1882 Antiochia,
985 1826 1122 1884 obiit,
1140 1826 1353 1889 filiosque
1367 1825 1508 1873 duos:

93 1902 405 1949 Guillelmum
430 1914 476 1949 et
493 1902 786 1949 Rodbertum
805 1938 816 1958 ‚
846 1902 1039 1949 honoris
1062 1903 1130 1948 sui
1155 1901 1347 1950 heredes
1369 1901 1513 1948 dimi-

99 1980 156 2025 sit
180 1980 272 2043 (6).
300 1980 457 2044 Hugo,
480 1990 697 2026 strenuus
717 1990 764 2025 et
785 1979 1006 2026 honestus
1023 1979 1175 2035 miles,
1204 1980 1253 2025 in
1268 1981 1515 2043 juventute

98 2054 342 2102 defunctus
365 2066 458 2111 est,
489 2067 534 2102 et
570 2056 616 2102 in
644 2055 850 2119 capitulo
877 2056 1023 2102 sancti
1046 2055 1194 2119 patris
1217 2053 1403 2102 Ebrulfi
1423 2053 1516 2101 ho-

145 2243 195 2286 (1)
218 2242 316 2276 Lisez
346 2257 351 2275 τ
372 2241 519 2276 Judiih.
544 2241 603 2276 On
626 2243 699 2276 voit
723 2241 858 2288 figurer
879 2241 957 2282 Ive,
983 2240 1173 2275 deuxieme
1193 2240 1242 2275 du
1266 2253 1370 2284 nom,
1396 2247 1515 2276 comte

102 2299 146 2334 de
166 2300 583 2343 Beaumont-sur-Oise,
611 2313 673 2335 son
697 2301 807 2341 mari,
830 2299 919 2334 dans
935 2298 996 2333 des
1013 2306 1108 2334 actes
1128 2299 1173 2333 de
1196 2300 1283 2334 1080
1299 2306 1336 2334 et
1359 2298 1456 2338 1082.

147 2361 196 2405 (2)
217 2359 341 2406 Voyez
366 2359 561 2402 ci-dessus,
587 2373 622 2406 p.
645 2359 727 2406 359.

146 2417 195 2463 (5)
216 2419 264 2453 Le
289 2427 331 2453 ι’*
349 2419 432 2465 juin
454 2418 553 2454 1136.

148 2479 198 2523 (4)
219 2477 377 2520 Robcrt‚
402 2485 524 2513 comte
548 2478 592 2511 de
613 2478 791 2517 Mortain,
814 2483 877 2511 eut
899 2478 985 2511 trois
1006 2476 1105 2511 filies.
1130 2476 1189 2511 On
1209 2487 1319 2522 pense
1339 2488 1410 2523 que
1427 2478 1515 2513 celle

101 2536 191 2571 dont
217 2537 242 2571 il
270 2538 373 2584 s'agit
409 2539 453 2572 ici
486 2545 540 2572 est
571 2539 602 2572 la
631 2538 828 2584 premiere,
861 2537 922 2584 qui
948 2539 1079 2584 epousa
1103 2535 1245 2578 Andre,
1275 2537 1445 2584 seigneur
1469 2538 1514 2573 d(-

104 2595 209 2630 Vitre
237 2608 283 2630 en
316 2597 521 2643 Bretagne‚
559 2597 612 2631 fils
641 2596 686 2632 de
718 2596 857 2631 Robert
889 2595 933 2630 de
966 2596 1095 2638 Vitre‚
1131 2594 1203 2630 l'un
1234 2594 1297 2630 des
1332 2598 1514 2643 guerriers

102 2653 322 2701 d'Hastings.

151 2714 201 2758 (5)
223 2714 346 2761 Voyez
365 2715 558 2759 ci-dcssus,
583 2729 618 2763 p.
641 2715 719 2751 560.

148 2772 197 2816 16)
220 2774 319 2808 >Nous
350 2774 462 2809 allans
482 2782 671 2809 retroni-oi·
692 2788 730 2805 ro
751 2786 972 2819 porsonam?
995 2774 1082 2808 dans
1102 2773 1132 2807 le
1154 2774 1239 2809 lix-ro
1260 2776 1411 2808 suivant.
