2085 3455
623 307 702 345 412
988 309 1230 346 HISTORIA
1262 308 1658 346 ECCLESIASTICA.

687 393 912 440 Consules
946 405 991 440 et
1025 396 1291 442 consulares
1323 397 1410 441 riri
1449 395 1659 441 nesandae
1696 396 2029 460 conjurationis

619 472 753 534 gnari
787 471 1053 518 incentores
1086 484 1239 518 erant.
1272 471 1361 518 Sed
1395 490 1533 534 prava
1569 472 1916 534 conspiratione
1945 471 2028 518 de-

619 558 763 603 tecta,
801 565 956 594 secum
990 549 1124 611 plura
1154 559 1496 612 pertractantes
1524 547 1836 605 erubuerant,
1869 559 1914 594 et
1940 566 2027 611 po-

618 627 881 673 tentissimo
898 643 1065 672 eorum
1079 629 1344 683 confracto,
1371 643 1429 672 ne
1441 627 1661 672 similiter
1675 636 2023 690 quatrerentur,

617 703 979 750 contabuerant.
1006 704 1161 750 Porro
1189 703 1288 750 haec
1315 703 1553 749 subtiliter
1578 720 1657 749 rex
1684 703 1958 766 comperiit,
1985 713 2030 748 et

617 781 835 825 consultu
860 781 1125 842 sapientum
1151 780 1416 844 hujusmodi
1444 781 1556 826 viris
1582 780 1808 844 pepercit.
1837 779 1934 825 Nec
1955 796 2029 826 eos

615 857 671 902 ad
689 856 917 922 judicium
946 858 1101 920 palam
1126 859 1425 923 provocavit,
1454 875 1512 904 ne
1537 859 1671 904 furor
1696 858 1743 903 in
1769 859 1896 921 pejus
1919 875 2031 920 aug-

614 945 934 992 mentaretur,
980 935 1250 999 iterumque
1296 937 1340 980 in
1387 936 1605 999 generale
1649 936 1826 982 facinus
1869 946 2030 982 contra

615 1011 959 1074 rempublicam
1011 1012 1347 1059 lacesserentur
1364 1048 1376 1069 ,
1431 1024 1476 1058 et
1525 1012 1672 1058 multa
1721 1012 1880 1058 multis
1928 1011 2032 1058 inde

614 1089 783 1136 damna
799 1127 810 1147 ,
839 1091 1072 1153 pernicies
1096 1102 1142 1137 et
1166 1092 1317 1137 luctus
1342 1090 1532 1154 publice
1555 1091 1882 1155 gignerentur.

682 1167 862 1214 XXIV.
887 1167 1027 1231 [1091
1046 1168 1082 1231 .]
1107 1167 1250 1214 Anno
1269 1168 1328 1214 ab
1344 1169 1671 1214 incarnatione
1683 1168 1874 1215 Domini
1891 1179 1943 1212 Μο
1961 1178 2032 1214 xc⁰

617 1255 682 1290 1v⁰
705 1245 796 1308 (ι),
821 1245 1073 1291 rebellium
1095 1256 1291 1291 conatus
1311 1246 1355 1291 in
1376 1245 1547 1309 Anglia
1567 1262 1862 1308 compressus
1879 1255 1968 1301 est,
1990 1256 2034 1290 et

615 1323 896 1370 Guillelmus
915 1334 1104 1386 potens,
1126 1324 1259 1369 nullo
1280 1324 1611 1386 resistenteQin
1638 1324 1705 1368 sui
1725 1339 1874 1385 regno
1889 1323 2032 1385 patris

615 1400 920 1446 confirmatus
933 1412 1017 1447 est.
1036 1401 1214 1446 Verum
1235 1401 1547 1456 Normannia,
1569 1399 1733 1446 incolis
1752 1400 1927 1464 ubique
1946 1411 2034 1446 ter-

614 1478 717 1523 ritis
734 1488 780 1524 et
799 1479 1070 1535 commotis,
1090 1479 1258 1524 misere
1273 1478 1456 1523 turbata
1473 1489 1558 1534 est,
1577 1488 1623 1523 et
1636 1476 1905 1524 Rodbertus
1918 1476 2029 1534 dux,

612 1556 919 1603 seditionibus
954 1556 1210 1602 admodum
1242 1556 1565 1613 saevientibus,
1599 1572 1688 1618 pro
1726 1554 1925 1601 mollitie
1954 1572 2031 1600 sua

613 1633 907 1697 despicabilis
921 1633 1110 1680 effectus
1122 1644 1201 1679 est.
1215 1634 1351 1679 Tunc
1365 1634 1509 1678 nimia
1523 1650 1693 1697 guerra
1707 1634 1831 1678 inter
1843 1632 2034 1678 Gui-llel-

613 1729 745 1756 mum
780 1711 1120 1756 Bretoliensem
1156 1721 1202 1756 et
1232 1709 1505 1755 Ascelinum
1536 1709 1756 1755 Goellum
1791 1719 1895 1755 orta
1931 1719 2030 1766 est3

613 1789 742 1852 cujus
765 1788 946 1835 occasio
962 1788 1064 1833 talis
1079 1799 1163 1834 est.
1184 1788 1483 1843 Guillelmus,
1503 1788 1649 1833 frater
1665 1787 1836 1845 Goelli,
1850 1786 2034 1850 juvenis

615 1867 772 1919 miles,
805 1866 991 1913 cuidam
1025 1865 1148 1930 apud
1179 1866 1398 1912 Paccium
1428 1866 1651 1929 injuriam
1681 1865 1871 1911 mulieri
1906 1864 2030 1911 sedit.

614 1944 750 1991 Unde
772 1944 1084 2008 conquerenti
1102 1980 1114 2001 ,
1138 1943 1419 1990 Guillelmus
1437 1943 1767 1999 Bretoliensis,
1787 1936 1840 1987 tit
1856 1944 2032 2006 justum

612 2021 881 2085 principem
901 2020 1074 2077 decuit,
1097 2021 1154 2066 de
1174 2021 1437 2067 contumaci
1459 2019 1751 2066 adolescente
1776 2019 2034 2083 legitimam

614 2099 948 2146 rectitudinem
973 2100 1143 2146 tenuit.
1168 2099 1412 2146 Ascelinus
1439 2099 1583 2162 igitur
1610 2099 1752 2143 iratus
1777 2109 1846 2144 est
1869 2108 2033 2144 contra

613 2177 864 2223 dominum
895 2195 1058 2234 suum,
1095 2177 1218 2242 quod
1253 2175 1443 2240 publice
1476 2176 1701 2239 placitare
1726 2186 1917 2239 cogeret
1937 2175 2033 2220 sra-

613 2266 737 2301 trem
755 2273 909 2300 suum.
929 2255 1036 2302 Non
1060 2256 1212 2301 multo
1231 2266 1352 2318 post,
1375 2272 1529 2300 arcem
1550 2254 1607 2300 de
1620 2253 1777 2300 Ibreio
1794 2252 2033 2317 ingeniosa

611 2332 774 2379 fraude
794 2333 861 2379 illi
881 2334 1130 2397 surripuit,
1151 2344 1196 2380 et
1217 2333 1479 2389 Rodberto,
1500 2332 1606 2378 duci
1625 2332 2032 2387 Normannorum,

615 2409 831 2468 tradidit,
857 2428 881 2456 a
906 2428 1002 2475 quo
1028 2412 1105 2457 ille
1128 2412 1313 2475 ingenti
1336 2409 1546 2474 pondere
1570 2409 1754 2474 argenti
1776 2408 1886 2455 dato
1911 2407 2038 2453 rede-

612 2489 715 2534 mit.
745 2489 1054 2536 Postmodum
1085 2491 1209 2535 inter
1240 2490 1348 2536 illos
1376 2506 1466 2552 pro
1497 2486 1763 2552 hujusmodi
1791 2488 1918 2533 furto
1945 2486 2036 2531 im·-

662 2690 712 2733 (1)
733 2689 783 2722 Ce
809 2689 1087 2733 synclironisnie
1112 2691 1198 2724 n'cst
1225 2697 1325 2724 exact
1349 2690 1438 2724 dans
1465 2701 1605 2723 aucune
1632 2688 1676 2722 sle
1701 2700 1755 2722 ses
1775 2687 1867 2721 deux
1888 2687 2032 2733 parties.

614 2749 715 2783 Nous
742 2760 877 2782 venons
903 2749 948 2783 de
980 2750 1057 2783 x‘oir
1080 2762 1150 2796 que
1176 2750 1206 2784 la
1233 2750 1409 2784 rebellion
1436 2756 1469 2783 et
1497 2750 1526 2783 la
1556 2749 1724 2795 punition
1753 2748 1797 2781 dc
1827 2747 1965 2781 Robert
1992 2745 2034 2778 dc

614 2809 784 2843 ¹Wonbrai
808 2811 1080 2855 appartenaient
1108 2812 1124 2844 a
1147 2810 1285 2844 l’anut‘v
1310 2809 1406 2856 ¹⁰95·
