2033 3445
65 299 198 348 [1096]
582 298 733 336 Lissssa
762 298 940 336 NONUS.
1387 301 1463 339 475

23 419 25 421 .
62 381 276 439 floribus,
312 381 452 426 nimis
491 383 651 428 infesta
689 382 1046 446 comprobatur.
1074 384 1194 429 Nam
1226 386 1272 429 in
1304 385 1463 431 eadem

22 513 24 522 l

63 458 209 505 adhuc
222 474 308 521 gen
316 467 360 503 te
374 459 600 504 naturalis
610 460 766 505 feritas
780 459 1013 516 coalescit,
1029 470 1073 504 et
1082 460 1312 523 genuinus
1323 461 1466 508 ardor

20 556 24 574 ³
62 533 302 599 praeliandi
327 535 482 590 saevit,
508 536 587 599 qui
613 536 841 581 ruricolas
859 546 906 581 et
927 545 1114 598 pacatos
1137 537 1355 582 officiales
1373 539 1465 583 suis

19 635 22 657 z
63 614 109 659 in
130 611 306 659 aedibus
328 611 484 675 quiete
508 613 792 658 commorari
819 629 914 658 non
938 613 1190 675 permittit.

125 688 166 734 A
183 689 404 745 Rollone,
427 688 565 735 validi
581 689 720 736 duces
733 691 857 753 praes
856 706 964 736 uere
982 690 1272 736 Normaunis
1291 708 1466 754 pugna-

18 793 21 802 ν
63 767 190 814 cibus
213 787 223 812 ι
246 767 526 812 Guillelmus
550 768 726 813 scilicet
743 769 903 832 Longa
924 769 1060 831 Spata
1083 779 1129 813 et
1145 768 1370 814 Ricardus
1392 786 1469 813 ve-

16 835 19 887 ᾗ
62 845 207 902 tulus,
234 844 460 891 Ricardus
481 846 550 902 Il,
577 845 870 891 Gunnoridis
901 846 1046 902 filius,
1075 856 1120 891 et
1140 845 1234 892 duo
1263 845 1344 891 filii
1372 847 1468 909 ejus

15 922 18 948 ³
59 921 280 969 Ricardus
293 923 478 986 juvenis
498 933 544 968 et
572 922 839 969 Rodbertus
855 924 1277 986 Jerosolymitanus
1288 943 1300 981 3
1328 934 1467 987 atque

14 1024 17 1066 3
59 998 330 1045 Guillelmus
363 997 564 1044 Nothus.
592 999 682 1044 Iste
718 1016 855 1057 vero,
896 1000 976 1063 qui
1016 1010 1230 1062 tempore
1271 1000 1465 1044 ultimus

14 1068 15 1083 ¹
59 1075 234 1131 extitit,
263 1091 426 1121 omnes
462 1086 774 1122 antecessores
799 1094 905 1122 suos
930 1075 1209 1122 fortitudine
1240 1087 1287 1122 et
1312 1076 1465 1122 subli-

12 1203 14 1220 ζ
59 1153 217 1199 mitate
262 1152 574 1210 transcendit,
612 1154 913 1218 moriensque
954 1153 1198 1200 Rodberto
1244 1154 1462 1200 ducatum

12 1263 14 1277 ;
59 1230 389 1287 Normanniae,
426 1241 472 1276 et
503 1230 759 1277 Guillelmo
800 1249 997 1295 reguum
1040 1231 1226 1295 Angliae
1267 1230 1460 1276 dimisit..

11 1311 13 1313 ’
58 1307 322 1354 Rodbertus
335 1319 507 1361 autem,
525 1309 682 1354 mollis
698 1308 810 1361 dux,
829 1327 851 1354 a
866 1310 1027 1372 vigore
1044 1310 1259 1371 priorum
1271 1308 1462 1365 decidit,

59 1395 102 1431 et
129 1385 315 1448 pigritia
336 1385 631 1449 mollitieque
656 1386 863 1448 torpuit3
887 1387 990 1447 plus
1010 1386 1324 1448 provinciales
1348 1384 1464 1430 sub—

57 1461 174 1508 ditos
198 1463 367 1508 timens
381 1498 392 1518 ‚
415 1479 554 1526 quam
574 1462 631 1507 ab
647 1463 738 1508 illis
755 1462 1029 1518 timebatur,
1051 1473 1097 1508 et
1116 1461 1222 1507 inde
1241 1461 1462 1508 damnosa

57 1540 332 1604 perversitas
352 1541 400 1585 in
419 1551 543 1585 terra
569 1541 665 1603 ejus
683 1541 850 1602 passim
871 1539 1186 1603 grassabatur.
1209 1540 1462 1596 llenricus,

57 1619 197 1664 frater
207 1616 353 1673 ducis,
367 1618 431 1662 Da
439 1617 677 1662 nfrontem
685 1652 697 1673 ,
717 1618 1022 1663 fortissimum
1035 1627 1256 1674 castrum,
1268 1615 1467 1679 posside-

6 1697 9 1717 ²
57 1694 157 1753 bat,
180 1706 226 1742 et
249 1713 468 1759 magnam
493 1706 677 1758 partem
699 1695 931 1741 Neustriae
950 1695 1034 1741 sibi
1055 1696 1214 1741 favore
1231 1695 1304 1740 vel
1324 1696 1465 1740 armis

5 1772 8 1821 ἓ
58 1771 323 1836 subegerat,
350 1772 581 1835 fratrique
604 1788 687 1818 suo
711 1771 767 1817 ad
792 1771 980 1817 libitum
1009 1789 1168 1827 suum,
1200 1788 1285 1817 nec
1307 1771 1461 1826 aliter,

58 1849 418 1897 obsecundabat.
441 1850 593 1896 Porro
618 1849 733 1894 alius
755 1850 917 1904 frater,
945 1849 1023 1913 qui
1051 1848 1238 1912 Angliae
1255 1848 1463 1894 diadema

59 1927 272 1992 gerebat,
303 1928 348 1973 in
371 1927 688 1985 Normannia,
715 1937 767 1971 ut
790 1943 916 1983 reor,
942 1927 1047 1989 plus
1066 1943 1204 1990 quam
1227 1943 1291 1972 xx
1315 1936 1460 1972 castra

59 2004 266 2063 tenebat,
288 2016 335 2051 et
351 2022 570 2069 proceres
587 2004 939 2068 oppidanosque
957 2015 1171 2068 potentes
1188 2002 1465 2050 muneribus

60 2081 140 2128 sibi
173 2083 247 2129 vel
286 2082 549 2130 terroribus
575 2082 804 2128 illexerat.
831 2081 1100 2127 Roclbertus
1125 2080 1250 2126 enim
1270 2117 1282 2137 ,
1311 2097 1465 2126 comes

59 2159 278 2207 Aucensis
330 2170 376 2205 et
420 2157 681 2221 Stephanus
727 2157 1086 2213 Albae—Marlae,
1133 2156 1359 2203 Girardus
1408 2156 1465 2202 de

60 2235 275 2283 Gornaco
294 2247 339 2282 et
362 2235 583 2281 Radulfus
606 2234 663 2281 de
695 2234 923 2292 Conchis,
950 2234 1220 2281 Rodbertus
1244 2251 1434 2299 quoque
1449 2270 1461 2290 ,

61 2330 212 2361 comes
234 2314 292 2360 de
315 2314 566 2370 Mellento,
588 2324 632 2359 et
658 2313 925 2359 Gualterius
948 2312 1188 2368 Gisardus,
1222 2312 1464 2375 Philippus

60 2389 115 2438 de
134 2392 324 2438 Braiosa
360 2393 432 2455 (ι)
473 2402 519 2437 et
554 2391 781 2437 Ricardus
815 2390 871 2436 de
909 2390 1131 2447 Curceio,
1160 2391 1332 2454 aliique
1362 2407 1466 2453 per-

59 2468 240 2531 plureS,
281 2487 388 2516 cum
425 2468 646 2515 omnibus
680 2468 766 2513 sibi
803 2466 999 2513 subditis
1034 2467 1385 2514 munitionibus
1420 2477 1467 2512 et

105 2610 154 2655 (1)
173 2610 270 2644 Lisez
294 2626 299 2643 :
322 2610 456 2651 Henri,
480 2615 598 2643 comte
619 2608 730 2651 d’Eu,
753 2614 789 2642 et
810 2620 882 2641 non
908 2619 970 2641 son
995 2607 1088 2642 ai'eul
1110 2606 1267 2649 Robert,
1291 2606 1352 2653 qui
1378 2606 1462 2640 ctait

61 2676 156 2703 mort
174 2676 278 2703 avant
302 2668 400 2715 1093.

108 2721 277 2769 Etiennm
300 2735 418 2762 cointe
436 2726 644 2769 d’Aumalc,
666 2727 792 2760 cousin
815 2726 976 2771 germain
998 2725 1045 2758 (lu
1067 2726 1137 2759 (luc
1154 2724 1305 2759 Robcrt.

106 2788 260 2827 Girard,
281 2788 449 2833 seigneur
466 2786 510 2820 ‹lc
530 2786 716 2828 Gournai,
742 2785 792 2819 fils
815 2784 859 2818 dc
881 2786 1030 2831 Huguc,
1054 2786 1211 2831 premier
1232 2784 1279 2817 (lu
1304 2795 1405 2821 nom,
1428 2790 1459 2815 ct

63 2843 106 2877 dc
126 2845 267 2885 Rasiliv„
291 2845 358 2880 lille
377 2846 420 2879 (lc
440 2845 573 2879 Girard
599 2845 734 2878 Fit-incl.
