2033 3445
85 282 224 333 [¹097]
603 280 757 320 LIBER
786 279 966 318 NONUS.
1412 284 1489 323 495

82 385 182 426 ves,
207 383 353 426 equos
376 377 422 414 et
455 367 608 414 asinos
645 384 833 430 rapere,
858 377 905 413 et
942 367 976 412 si
1003 367 1139 430 quid,
1177 370 1303 433 quod
1332 371 1490 417 mandi

68 456 256 510 posset,
285 446 644 492 convenientius
684 444 1029 491 inveniebatur.
1057 446 1240 509 Egressi
1280 465 1393 495 vero
1434 449 1489 494 <le

82 522 316 577 castoria,
345 533 493 568 castra
519 523 680 568 metati
701 533 811 567 sunt
832 523 879 567 in
902 521 1155 585 Palagonia
1178 525 1265 585 (1).
1293 524 1362 569 lbi
1386 543 1491 571 mu-

81 599 366 646 nitissimum
402 599 645 645 castellum
683 598 1047 655 haereticorum,
1090 598 1228 646 bonis
1269 601 1489 647 omnibus

79 675 265 723 abunde
283 677 529 732 refertum,
552 675 762 740 undique
790 676 993 740 aggressi
1018 687 1125 722 sunt
1139 713 1151 733 ,
1181 688 1225 723 et
1251 677 1487 725 habitato-

79 752 208 799 ribus
240 752 446 816 ejusdem
472 770 580 799 cum
612 768 669 799 eo
700 751 980 809 combustis,
1010 753 1209 800 omnino
1233 755 1488 818 pessunde-

77 829 267 877 derunt.
294 829 467 876 Omnes
490 829 721 894 siquidem
749 829 815 875 illi
841 830 1043 876 tiatores
1066 830 1277 888 Judaeos,
1308 831 1492 878 haereti-

77 923 178 964 COS,
219 906 528 963 SarracenOS,
577 906 822 970 aequaliter
867 905 1104 951 habebant
1145 924 1331 963 exosos,
1374 926 1490 972 quos

75 1000 238 1030 omnes
271 984 356 1030 Dei
390 984 632 1047 appellant
665 984 896 1030 inimicos.
937 983 1051 1029 Inde
1087 997 1408 1047 pervenerunt
1432 988 1488 1033 ad

74 1059 250 1108 flumen
284 1060 547 1107 Bardarum
587 1062 684 1125 (2),
719 1061 846 1126 quod
882 1062 1184 1108 Buamundus
1220 1081 1325 1109 cum
1353 1076 1488 1127 parte

73 1139 143 1184 sui
169 1140 401 1186 exercitus
441 1140 732 1203 pertransiit.
772 1140 938 1185 Comes
974 1150 1131 1185 autem
1168 1139 1225 1186 de
1259 1140 1487 1189 Rosinolo

74 1232 182 1261 cum
204 1215 428 1262 fratribus
455 1216 546 1261 suis
569 1216 812 1267 remansit.
840 1216 1061 1261 Protinus
1092 1216 1310 1262 satellites
1336 1218 1487 1280 impe*

73 1293 271 1348 ratoris,
303 1294 384 1357 qui
420 1293 515 1338 vias
544 1291 811 1339 obsidentes
846 1292 1184 1355 explorabant,
1219 1305 1270 1339 ut
1303 1296 1486 1340 exerci-

73 1379 176 1416 tum
197 1369 400 1417 divisum
433 1369 680 1428 viderunt,
714 1370 894 1432 impetu
929 1370 1078 1424 facto,
1111 1371 1155 1415 in
1183 1372 1403 1417 comitem
1440 1384 1485 1418 et

72 1465 177 1494 suos
203 1449 465 1494 irruerunt.
506 1447 778 1494 Tancredus
813 1465 951 1505 vero,
990 1448 1070 1511 qui
1110 1448 1312 1494 necdum
1347 1450 1484 1513 longe

71 1523 259 1582 aberat,
298 1535 351 1570 ut
386 1525 612 1588 cognovit
647 1525 929 1581 tumultum,
973 1524 1190 1588 rapidum
1228 1526 1485 1571 calcaribus

71 1618 245 1667 urgens
269 1602 602 1665 cornipedem,
629 1601 882 1648 fulmineus
907 1600 1120 1660 advolat,
1144 1613 1189 1648 et
1214 1602 1377 1661 fluvio,
1403 1606 1483 1668 qui

71 1678 317 1736 intererat,
334 1677 547 1735 evadato,
573 1691 653 1724 se'u
672 1678 827 1741 potius
850 1688 1056 1734 enatato,
1076 1678 1297 1724 festinum
1322 1681 1483 1726 comiti

71 1756 274 1803 contulit
286 1756 530 1802 auxilium.
550 1756 661 1802 Mox
679 1754 773 1801 duo
797 1755 945 1800 millia
966 1756 1170 1800 militum
1190 1773 1276 1818 per
1294 1774 1479 1803 amnem

69 1832 369 1880 Tancredum
402 1832 634 1879 subsecuti
667 1843 800 1890 sunt,
841 1843 887 1878 et
919 1833 1201 1896 Turcopolis
1239 1834 1481 1880 confestim

69 1911 448 1974 praevaluerunt,
475 1927 552 1958 eos
570 1909 627 1956 de
650 1910 820 1973 praelio
838 1909 1142 1973 fugaverunt,
1171 1921 1218 1956 et
1236 1910 1294 1957 de
1315 1913 1482 1975 sugatis

68 1988 273 2053 gloriose
309 1987 682 2051 triumpharunt.
725 1986 962 2048 Quosdam
998 2004 1110 2034 xero
1146 2001 1476 2051 peremerunt,

67 2066 226 2130 plures
264 2077 422 2114 autem
456 2066 772 2131 apprehensos
807 2066 1085 2123 vinxerunt,
1124 2077 1170 2112 et
1202 2067 1480 2115 Buamundo

68 2154 494 2208 praesentaverunt.
533 2144 821 2207 Interrogati
855 2161 941 2190 cur
975 2154 1071 2189 tam
1109 2144 1326 2207 nequiter
1369 2162 1479 2209 age-

68 2231 203 2280 rent,
226 2239 332 2269 cum
359 2239 442 2269 suo
465 2238 564 2269 non
597 2222 921 2268 inimicaretur
950 2221 1255 2285 imperatori,
1277 2239 1477 2286 respon-

114 2371 164 2416 (1)
184 2370 284 2406 Lisez
305 2386 311 2404 :
334 2371 553 2417 Pelagonia.
573 2370 671 2405 C’est
688 2382 759 2404 une
777 2371 925 2404 contre'e
943 2370 988 2404 de
1008 2370 1041 2404 la
1060 2371 1286 2413 Macedoinc,
1304 2372 1367 2419 qui
1387 2373 1474 2406 avait

68 2431 263 2476 emprunte
279 2442 345 2464 son
363 2442 451 2464 nom
476 2431 495 2463 a
515 2430 547 2464 la
567 2429 649 2463 ville
670 2428 716 2463 de
739 2428 952 2475 Pelagonia,
978 2429 1069 2464 dont
1094 2429 1125 2464 la
1147 2430 1371 2465 destruction
1396 2431 1478 2466 darc

69 2486 114 2522 de
133 2486 320 2523 l’invasion
342 2487 534 2523 Romaine.
558 2488 589 2522 ll
610 2500 656 2522 ne
682 2487 797 2534 parait
820 2500 900 2534 pas,
926 2486 1067 2534 (Papris
1091 2488 1123 2522 la
1150 2490 1308 2524 muniere
1330 2490 1419 2524 dont
1442 2502 1477 2523 so

69 2547 321 2582 conduisirent
341 2548 431 2583 dans
450 2561 490 2583 ce
508 2560 594 2595 pays
616 2547 667 2582 les
691 2547 824 2582 soldats
844 2546 889 2581 de
909 2547 1114 2591 Boemond,
1141 2561 1212 2596 que
1234 2561 1288 2583 ses
1307 2550 1475 2584 exhorta-

66 2604 165 2640 tions
187 2613 332 2641 eussent
354 2606 419 2641 fait
438 2607 627 2653 beaucoup
648 2605 901 2652 d’impression
925 2616 987 2640 sur
1003 2606 1083 2641 leur
1100 2607 1226 2653 esprit.
1245 2628 1290 2634 —
1306 2608 1481 2642 Htw-elici

67 2664 208 2712 signifie
227 2665 274 2700 ici
291 2665 341 2700 les
359 2666 488 2701 Grccs.

113 2725 164 2770 (2)
185 2725 232 2759 Le
254 2725 426 2762 Vardari.
452 2726 551 2761 C’ost
577 2725 609 2760 la
641 2724 842 2772 principale
870 2725 999 2760 rivicre
1022 2725 1066 2761 de
1098 2726 1328 2769 Macedoine3
1349 2725 1415 2760 elle
1441 2737 1480 2758 sc*

66 2782 156 2828 jette
172 2783 261 2820 dans
281 2784 316 2820 le
334 2784 428 2832 golse
450 2785 495 2820 de
517 2784 729 2832 Saloniquc,
752 2786 771 2819 a
790 2784 884 2819 deux
904 2784 1015 2820 lirues
1031 2786 1075 2820 ‹le
1093 2793 1186 2820 cette
1206 2786 1298 2820 ville
