2085 3455
582 358 660 396 446
944 355 1186 394 HISTORIA
1217 354 1619 393 ECCLESIASTICA.

642 444 780 490 Multi
813 459 870 490 ex
899 459 1066 490 eorum
1093 443 1222 489 sonte
1254 442 1462 488 sitientes
1489 441 1768 498 hauserunt,
1803 452 1849 488 et
1879 443 1986 490 inde

578 521 734 584 plures
758 519 900 567 rivuli
930 537 1015 583 per
1040 519 1243 566 diversas
1268 518 1529 565 Galliarum
1552 519 1768 582 regiones
1790 518 1985 566 derivati

577 609 703 645 sunt.
736 598 883 645 Novae
915 597 1225 643 institutionis
1253 596 1549 642 aemulatores
1574 595 1768 660 dispersi
1800 607 1908 643 sunt
1936 597 1984 644 in

576 675 854 741 Aquitania,
885 676 932 721 in
953 675 1224 730 Britannia,
1248 674 1475 721 Gasconia
1510 685 1556 721 et
1575 675 1819 721 Hibernia.
1846 675 1984 721 Mixti

575 754 711 801 bonis
737 753 996 816 hypocritae
1018 751 1307 815 procedunt,
1340 750 1547 798 candidis
1576 770 1655 798 seu
1678 753 1818 798 variis
1843 751 1986 799 indu-

573 832 746 878 mentis
783 830 966 886 amicti,
1008 829 1222 875 homines
1255 829 1488 886 illudunt,
1516 840 1561 876 et
1598 829 1784 893 populis
1822 829 1985 893 ingens

572 907 888 971 spectaculum
914 906 1137 952 efficiunt.
1164 905 1299 951 Veris
1327 906 1409 951 Dei
1442 905 1702 953 cultoribus
1726 904 1979 961 schemate,

573 1000 670 1030 non
695 984 896 1037 virtute,
924 981 1166 1028 assimilari
1187 982 1402 1046 plerique
1422 983 1652 1046 gestiunt,
1679 983 1842 1047 suique
1865 981 1985 1028 mul-

570 1059 772 1106 titudine
803 1059 1095 1105 intuentibus
1123 1058 1358 1105 fastidium
1393 1060 1640 1124 ingerunt,
1676 1071 1721 1107 et
1755 1059 1982 1124 probatos

572 1137 835 1185 coenobitas
851 1174 863 1194 ,
905 1148 1138 1202 quantum
1179 1137 1236 1183 ad
1276 1138 1460 1184 fallaces
1498 1137 1747 1185 hominum
1789 1137 1982 1184 obtutus

569 1218 761 1274 attinet,
787 1215 1168 1280 despicabiliores
1190 1217 1384 1263 faciunt.

633 1293 837 1339 XXVII.
881 1291 1063 1339 Eodem
1100 1304 1314 1356 tempore
1354 1293 1637 1341 venerabilis
1675 1292 1887 1339 Andreas
1923 1291 1980 1339 de

566 1370 700 1417 Valle
726 1370 1033 1427 Bruciorum,
1059 1369 1342 1426 monachus,
1377 1371 1605 1425 effloruit,
1634 1380 1680 1416 et
1716 1371 1764 1416 in
1796 1370 1979 1416 Bituri-

568 1449 691 1495 censi
717 1465 837 1512 pago
860 1447 1224 1504 monasterium,
1255 1446 1382 1512 quod
1406 1447 1563 1494 Casale
1584 1446 1825 1494 Benedicti
1850 1464 1979 1493 nun-

566 1535 782 1589 cupatur,
816 1525 1082 1571 construxit
1112 1526 1207 1588 (1),
1241 1536 1288 1571 et
1315 1525 1567 1589 discipulos
1592 1526 1639 1572 in
1664 1542 1832 1589 magna
1859 1542 1977 1588 pau-

564 1614 745 1668 pertate
775 1613 821 1649 et
851 1603 1141 1649 continentia
1173 1603 1271 1649 Deo
1301 1603 1516 1649 famulari
1550 1603 1726 1650 docuit.
1759 1603 1847 1649 Hic
1876 1613 1976 1649 erat

564 1697 735 1745 genere
759 1680 923 1736 Italus,
951 1680 1218 1726 litterarum
1243 1680 1507 1728 eruditione
1536 1681 1740 1743 pleniter
1772 1681 1973 1726 instruc-

563 1769 665 1814 tus,
711 1767 758 1803 et
801 1755 1039 1803 lucrandis
1080 1757 1178 1804 Deo
1218 1758 1462 1803 animabus
1505 1775 1591 1821 per
1635 1759 1730 1821 ejus
1771 1757 1972 1822 gratiam

564 1834 774 1882 idoneus.

622 1913 758 1958 Tunc
781 1910 1082 1966 AldebertuS,
1102 1911 1316 1957 Dolensis
1335 1910 1494 1967 abbas,
1519 1910 1576 1957 ad
1595 1910 1969 1975 archiepiscopa-

561 2000 661 2035 tum
678 1989 1019 2034 Bituricensem
1038 1999 1285 2051 promotus
1305 2000 1373 2035 est
1391 1990 1461 2052 (2)
1477 2026 1488 2045 ,
1511 1990 1767 2053 multisque
1785 1990 1968 2053 pollens

557 2066 829 2121 virtutibus,
852 2066 1106 2112 sanctitatis
1123 2065 1461 2112 documentum
1479 2067 1781 2131 sequentibus
1807 2067 1967 2113 Chris-

557 2153 660 2188 tum
672 2141 818 2188 verbo
839 2152 883 2187 et
898 2142 1080 2187 actione
1102 2142 1296 2205 largitus
1315 2153 1398 2188 est.
1422 2143 1711 2189 Guarnerius
1724 2142 1780 2189 de
1799 2143 1964 2189 Monte

555 2218 861 2264 Maurelionis
884 2219 977 2280 (ὅ),
998 2218 1179 2281 praesati
1196 2219 1409 2281 praesulis
1433 2220 1593 2276 frater,
1615 2220 1747 2265 miles
1771 2219 1963 2265 illustris

554 2297 668 2352 suit,
694 2306 740 2341 et
760 2295 1061 2359 postmodum
1081 2295 1205 2342 Casae
1222 2297 1305 2342 Dei
1328 2297 1602 2352 monachus,
1624 2298 1720 2344 fere
1745 2315 1803 2344 Lx
1827 2298 1961 2343 annis

599 2439 651 2483 (1)
671 2437 815 2480 Andre,
838 2437 1015 2484 religieux
1037 2438 1081 2473 (le
1103 2439 1379 2474 Vallombreuse
1399 2452 1444 2474 en
1467 2441 1650 2483 Toscane,
1677 2440 1785 2474 fonda
1805 2452 1850 2474 en
1872 2439 1958 2488 1095

552 2497 712 2542 l’abbajse
733 2496 777 2530 de
796 2496 1093 2541 Chezal-Beno'it,
1118 2499 1137 2532 a
1154 2499 1243 2532 trois
1264 2499 1376 2533 lienes
1395 2499 1626 2534 d'Issoudun.

595 2557 646 2601 (⁴2)
664 2555 868 2597 Audebert,
890 2557 1113 2604 archeveqne
1133 2557 1178 2592 de
1196 2558 1356 2604 Bourges
1373 2563 1479 2606 (1092
1498 2571 1545 2593 ou
1568 2557 1800 2606 1095-1096).

595 2614 646 2660 (3)
664 2615 822 2649 Garnier
840 2614 884 2648 de
904 2615 1178 2651 Montmorillon
1199 2617 1396 2664 (Vienue).
1418 2619 1485 2653 Ces
1504 2618 1598 2652 deux
1615 2618 1803 2664 seigneurs
1820 2618 1955 2652 etaient

550 2676 693 2710 cousins
712 2674 757 2709 de
772 2674 922 2717 Judith‚
943 2676 1013 2711 fille
1032 2677 1076 2711 de
1095 2677 1234 2712 Robert
1251 2677 1307 2721 II,
1328 2685 1448 2713 comte
1469 2678 1714 2725 d‘Auvergne,
1737 2680 1801 2727 qui
1820 2680 1953 2725 eponsa

549 2735 694 2778 Simon,
715 2741 833 2769 comte
851 2734 895 2769 de
914 2736 1024 2782 Crc'pi
1043 2744 1078 2771 et
1096 2737 1140 2771 de
1162 2737 1306 2779 Valois3
1326 2745 1362 2772 et
1378 2750 1418 2772 ce
1438 2738 1561 2773 surent
1581 2751 1648 2773 eux
1665 2739 1728 2786 qui
1746 2738 1779 2773 la
1797 2738 1951 2774 condui-

548 2794 679 2835 sirent,
702 2805 772 2839 peu
791 2793 836 2828 de
856 2800 972 2840 temps
990 2796 1092 2841 apres
1112 2808 1176 2830 son
1195 2796 1372 2844 mariage,
1399 2799 1418 2831 ἐι
1440 2797 1598 2843 1731)1)ῑιγρ
1617 2797 1661 2832 de
1679 2797 1709 2831 la
1731 2797 1945 2839 Van-Dieu,

548 2854 595 2886 οὺ
613 2853 679 2888 elle
696 2853 875 2888 einbrassa
894 2853 926 2887 la
945 2855 1001 2888 vie
1020 2854 1221 2901 religiensc.
1245 2857 1366 2902 Voyez
1390 2857 1585 2900 ciadessus,
1608 2871 1640 2904 p.
1665 2857 1745 2893 ¹255.
