2033 3445
0 523 1 534 1

0 563 2 571 r

6 1610 11 1812 l

8 1821 14 2036 ¹

20 3001 25 3100 *

538 266 691 305 LIBER
720 265 966 304 OCTAVUS.
1383 266 1459 306 429

116 355 299 400 Primus
317 351 457 398 abbas
475 352 772 398 Pratellensis
789 351 995 398 ecclesiae
1010 386 1021 406 ,
1048 351 1151 416 quis
1165 388 1175 408 ,
1203 363 1462 416 quantusve

57 433 218 490 suerit,
247 430 565 494 epitaphium,
597 429 724 494 quod
754 430 799 475 in
830 429 1035 475 claustro
1061 446 1200 492 super
1225 430 1461 476 tumulum

58 512 149 575 ejus
170 508 379 564 nitescit,
405 506 463 554 ad
486 508 660 555 ostium
682 506 887 553 basilicae
909 507 957 552 in
976 508 1167 553 australi
1192 507 1378 554 climate
1401 508 1463 553 sic

60 585 344 636 intuentibus
367 586 612 649 perspicue
634 583 855 632 ostendit.

193 712 282 746 Ecce
300 711 367 745 sub
384 711 453 744 hac
470 710 594 744 tumba
615 711 730 756 iegitu
739 723 755 743 r
772 710 849 744 sinc
865 709 946 744 felle
963 710 1130 745 columba
1142 738 1150 752 ‚

240 770 360 805 Abbas
378 769 574 812 Anfridus,
593 770 647 804 vir
666 769 802 816 probus
820 777 929 816 atque
946 770 1041 816 pius.

194 829 351 875 Pervigil
369 828 545 875 implebat
561 827 661 875 quod
678 828 735 862 lex
754 828 875 862 dix-ina
891 828 1063 873 jubebat,

236 889 322 934 Ejus
340 888 533 923 consilium
553 900 631 935 quae
649 889 737 932 suit,
757 895 793 922 ct
811 888 987 922 studium.

191 946 401 990 Debilibus,
421 946 563 989 dubiis,
587 947 705 990 caecis,
727 946 885 990 claudis,
908 946 1129 993 pei-egl·iniS‚

235 1006 410 1049 Tectum,
431 1018 514 1052 peS,
534 1006 650 1049 oculi,
671 1006 884 1049 consilium,
906 1006 1069 1040 baculus.

188 1065 359 1111 Triginta
378 1064 558 1108 Phoebus,
581 1064 669 1099 dum
690 1065 828 1099 decidit
847 1066 934 1107 iste,
953 1065 1100 1107 diebus,

234 1124 437 1159 Torruerat
454 1125 587 1171 pisces,
611 1125 669 1159 cui
691 1125 790 1159 Deus
810 1132 887 1159 esto
906 1125 1011 1172 quies
1030 1126 1092 1170 (1).

119 1251 343 1298 Ricardus
367 1263 523 1299 autem
547 1251 603 1299 de
629 1252 865 1298 Furnellis
895 1253 964 1315 (2)
993 1251 1225 1298 moderno
1254 1261 1468 1314 tempore

60 1326 176 1374 idem
196 1340 519 1376 monasterum
538 1329 660 1375 rexit
681 1330 752 1393 (5)
768 1365 779 1385 ,
801 1345 942 1393 quem
959 1327 1229 1375 Rodbertus
1251 1326 1468 1373 Tumba-

60 1404 273 1452 leniensis
298 1405 355 1452 ad
379 1407 712 1454 monachatum
733 1407 912 1470 Bajocis
937 1406 1126 1453 ecclesia
1150 1405 1306 1451 Sancti
1329 1404 1470 1467 Vigo-

61 1483 122 1530 ris
143 1486 360 1548 suscepit.
386 1486 566 1532 Verum
585 1484 748 1532 Odonc
773 1484 1000 1548 praesule,
1024 1484 1102 1548 qui
1127 1483 1237 1530 novi
1260 1481 1470 1528 coenobii

60 1559 277 1608 fundator
302 1573 426 1619 erat,
458 1564 505 1609 in
531 1579 717 1609 carcere
740 1562 981 1608 Guillelmi
1007 1561 1130 1625 regis
1155 1570 1400 1626 gemente,
1425 1569 1472 1605 et

63 1637 301 1687 Rodberto
315 1640 519 1704 sophista
532 1641 747 1687 Mentem
757 1640 914 1687 Sancti
929 1639 1171 1685 Michaelis
1188 1637 1245 1684 de
1256 1637 1470 1701 periculo

69 1754 1465 1766 Μ

63 1821 199 1856 mands.
226 1821 257 1855 Il
281 1823 457 1869 s'einpaie
482 1823 625 1857 ensuite
652 1825 668 1855 a
696 1822 792 1856 main
818 1823 939 1856 arinee
963 1820 1012 1855 du
1033 1820 1185 1854 chateau
1208 1819 1254 1854 de
1277 1819 1409 1863 Burcs,
1435 1826 1473 1853 et

62 1880 167 1915 traite
195 1880 391 1915 durement
419 1880 451 1915 la
485 1881 670 1927 garnison.
705 1880 810 1914 Eufin
839 1880 863 1914 il
890 1880 1086 1926 n'cpargne
1116 1890 1234 1912 aucun
1265 1889 1396 1924 moyen
1427 1877 1473 1911 de

64 1949 209 1984 pousser
223 1940 242 1973 ἐι
255 1938 346 1974 bout
362 1950 426 1974 son
444 1939 553 1974 frere.
573 1939 713 1974 Robert
731 1938 872 1985 appelle
889 1940 908 1972 a
925 1950 990 1973 son
1005 1949 1149 1972 secours
1165 1937 1198 1971 le
1212 1936 1266 1970 roi
1282 1935 1473 1983 Philippo,

65 2008 103 2031 ce
124 2009 326 2045 monarque
347 1999 470 2033 enleve
496 2011 564 2033 aux
589 2000 767 2045 partisans
787 1999 831 2033 de
854 1998 1068 2034 Guillaume
1092 1997 1123 2031 la
1146 1995 1229 2030 ville
1249 1995 1474 2041 d’Argentan

66 2061 101 2090 et
114 2055 303 2104 beaucoup
325 2057 370 2092 de
393 2059 637 2104 prisonuiers3
662 2058 822 2101 Robert,
844 2057 890 2092 de
909 2070 973 2092 son
991 2057 1088 2101 cote,
1112 2054 1229 2102 prend
1247 2055 1279 2089 le
1295 2055 1369 2089 fort
1386 2053 1475 2088 cha-

67 2121 147 2151 teau
163 2117 213 2151 du
228 2119 387 2153 Homine
405 2131 451 2153 cn
467 2119 640 2154 Cotcntiu
651 2147 660 2162 ,
681 2121 729 2153 οὺ
746 2118 959 2154 Guillaume
974 2116 1124 2153 Peverel
1140 2114 1387 2151 commandait
1404 2126 1476 2148 une

69 2175 236 2220 garnison
268 2176 312 2211 de
340 2177 424 2211 huit
452 2185 552 2212 cents
583 2178 778 2225 gucrriers.
812 2178 864 2212 Ce
894 2177 1047 2211 chateau
1075 2174 1343 2221 n'appartenait
1370 2184 1432 2219 pas
1460 2175 1478 2206 ii

69 2231 294 2278 Guillaurne,
316 2237 407 2271 mais
424 2238 442 2270 ἐι
462 2249 525 2271 son
546 2237 642 2271 sri‘re
658 2237 793 2278 Henri,
814 2236 908 2271 alors
925 2234 1196 2281 d’intelligence
1212 2245 1294 2268 avec
1313 2232 1377 2266 lui.
1397 2232 1478 2266 L’or

69 2291 114 2328 de
130 2294 361 2340 Guillaume,
387 2299 484 2331 seme
508 2299 527 2331 a
551 2309 704 2344 propos,
726 2296 844 2331 arreta
866 2296 917 2330 les
939 2302 1129 2341 avantages
1150 2293 1195 2328 de
1217 2304 1271 2328 scs
1293 2292 1476 2330 enncnfis,

70 2359 106 2386 et
121 2365 279 2403 engagea
303 2356 336 2391 lc
355 2357 410 2391 roi
434 2356 479 2391 dc
502 2357 642 2391 France
659 2360 677 2392 a
697 2364 842 2391 rcntrcr
860 2356 946 2390 bien
965 2356 1036 2390 vite
1060 2355 1150 2389 dans
1171 2366 1225 2388 scs
1246 2345 1358 2388 Etats.
1381 2352 1441 2388 On
1461 2365 1478 2386 a

71 2413 174 2459 peine
192 2417 211 2449 ὶι
228 2417 418 2451 concevoir
437 2429 509 2464 que
527 2417 558 2451 la
580 2418 675 2463 prise
693 2416 919 2463 ‹PArgentan
940 2428 986 2450 en
1006 2414 1218 2462 particulier
1240 2413 1327 2447 n⁷ait
1344 2425 1389 2447 eu
1413 2424 1479 2446 an-

71 2483 139 2507 cun
157 2476 451 2511 retentissement
468 2476 556 2511 dans
572 2477 605 2511 lc
621 2477 711 2511 rceit
729 2476 816 2510 d'un
834 2476 1014 2510 historica
1032 2474 1095 2522 qui
1112 2474 1194 2508 n'en
1212 2474 1297 2508 ctait
1314 2484 1376 2520 pas
1393 2471 1479 2506 cloi-

74 2534 141 2578 gne
159 2533 203 2568 de
221 2534 283 2569 dix
301 2535 426 2571 lieues.

116 2592 166 2638 (1)
183 2595 350 2640 Anssroi,
371 2597 531 2643 premier
550 2596 643 2631 abbe
662 2596 707 2631 de
726 2597 867 2632 Prcaux
887 2596 1085 2642 (104Z4P-17
1106 2606 1200 2629 mars
1223 2592 1343 2641 1078).

119 2652 170 2696 (2)
195 2653 428 2698 Fourneaux,
456 2656 518 2691 fies
532 2663 568 2690 ct
589 2656 744 2691 hameau
764 2667 825 2689 sur
842 2654 1044 2689 Favcrolles
1061 2661 1097 2688 ct
1116 2655 1264 2697 Portos,
1287 2658 1419 2687 canton
1438 2649 1482 2683 <lc

76 2708 253 2749 Conches.

122 2767 170 2814 (3)
188 2769 351 2807 Richard
368 2773 412 2807 (lc
431 2774 646 2809 Fournoaux
664 2776 692 2818 (ι
708 2772 836 2808 101-50
854 2773 992 2817 janvier
1016 2771 1127 2817 1131).
