2033 3445
471 484 701 539 LIBER
748 481 1022 539 NONUS.

117 788 466 838 vicissitudines
486 799 752 849 temporum
772 796 818 832 et
837 802 993 831 rerum
1009 795 1213 831 aeternus
1228 784 1461 831 Conditor

57 867 285 930 sapienter
308 863 653 926 salubriterque
676 861 890 918 ordinat,
927 879 1014 907 nec
1037 861 1092 907 ad
1123 861 1282 906 libitus
1308 860 1463 906 infru-

58 946 262 992 nitorum
293 958 366 988 res
387 941 611 986 humanas
639 940 851 1003 disponit
872 957 923 985 ac
950 939 1121 995 rariat5
1149 937 1224 983 sed
1251 939 1295 983 in
1322 955 1466 983 manu

56 1021 234 1086 potenti
261 1030 307 1065 et
339 1018 532 1064 brachio
569 1018 752 1063 excelso
779 1018 853 1079 pie
889 1027 1067 1070 servat,
1110 1031 1316 1078 congrue
1345 1031 1464 1078 pro-

57 1096 181 1143 vehit
203 1113 255 1142 ac
278 1095 534 1158 dispensat,
563 1095 662 1139 Hoc
689 1094 734 1139 in
757 1092 908 1138 hieme
926 1103 971 1137 et
990 1102 1147 1137 aestate
1168 1092 1322 1154 palam
1339 1089 1464 1136 vide-

57 1190 178 1227 mus,
202 1171 291 1218 hoc
315 1170 623 1218 nihilominus
646 1170 692 1214 in
714 1170 890 1232 frigore
917 1179 961 1214 et
985 1178 1194 1214 caumate
1219 1169 1290 1229 (1)
1313 1166 1463 1212 senti-

59 1265 178 1305 mus3
208 1248 296 1295 hoc
336 1248 381 1293 in
412 1248 626 1293 omnium
657 1263 819 1292 rerum
849 1256 958 1291 ortu
994 1256 1040 1290 et
1065 1262 1228 1290 occasu
1255 1260 1465 1307 perpen-

0 1367 3 1383 2
59 1326 222 1382 dimus,
241 1336 286 1371 et
303 1327 349 1371 in
368 1325 619 1388 multiplici
637 1325 860 1369 varietate
879 1340 1077 1387 operum
1095 1323 1178 1368 Dei
1199 1323 1288 1367 rite
1303 1322 1467 1367 rimari

58 1421 312 1468 possumus.
352 1402 466 1448 Inde
500 1402 786 1464 multiplices
821 1411 1146 1464 propagantur
1180 1400 1388 1445 historiae
1412 1398 1469 1444 de

59 1480 347 1528 multimodis
379 1479 647 1535 eventibus,
674 1480 752 1542 qui
788 1478 909 1524 fiunt
943 1479 991 1523 in
1024 1476 1203 1522 mundo
1230 1474 1466 1540 quotidie,

61 1570 106 1606 et
143 1558 378 1606 dicacibus
430 1555 821 1620 historiographis
871 1565 1237 1619 augmentantur
1286 1553 1472 1616 copiose

61 1635 181 1682 sandi
201 1635 428 1681 materiae.
455 1635 567 1680 Haec
602 1633 706 1679 ideo
737 1631 1008 1678 medullitus
1035 1630 1307 1687 considero,
1331 1629 1474 1675 medi-

62 1723 271 1777 tatusque
304 1729 433 1758 meos
459 1711 629 1757 litteris
653 1711 866 1774 assigno3
891 1709 998 1773 quia
1037 1707 1329 1772 temporibus
1360 1724 1473 1753 nos-

63 1790 144 1836 tris
162 1791 391 1853 insperata
409 1789 461 1834 fit
476 1788 784 1852 permutatio,
807 1797 852 1832 et
869 1786 1048 1849 insigne
1065 1785 1218 1830 thema
1241 1784 1472 1830 referendi

63 1867 200 1924 mira,
228 1867 531 1930 praestruitur
556 1865 843 1911 dictatorum
865 1863 1039 1909 studio.
1068 1863 1141 1907 En
1163 1862 1474 1923 Jerosolymi-

65 1953 222 1991 tanum
243 1944 331 1990 iter
353 1943 578 1988 divinitus
600 1943 763 1997 initur,
789 1959 811 1986 a
834 1940 994 1985 multis
1014 1938 1376 1985 occidentalium
1393 1955 1474 2001 po-

64 2020 180 2083 pulis
199 2037 319 2065 unus
344 2035 456 2082 grex
478 2019 602 2063 miro
628 2016 770 2063 modo
791 2016 1082 2080 congeritur,
1107 2026 1153 2060 et
1182 2025 1345 2060 contra
1378 2013 1476 2059 eth-

65 2097 191 2144 nicos
209 2098 257 2142 in
280 2097 402 2142 ans
420 2105 575 2158 partes
598 2112 717 2140 unus
739 2094 970 2140 exercitus
989 2090 1286 2139 conducitur.
1307 2091 1475 2136 Sancta

66 2173 174 2222 Sion
207 2192 232 2220 a
265 2173 371 2219 filiis
395 2173 512 2229 suis,
540 2173 620 2236 qui
656 2171 712 2217 de
738 2171 1011 2235 longinquis
1042 2167 1314 2233 regionibus
1348 2168 1475 2213 ultro

68 2250 305 2306 exierunt,
334 2249 552 2312 eripitur,
587 2247 825 2310 allophilis
849 2246 1067 2301 devictis,
1106 2263 1129 2290 a
1166 2243 1336 2308 quibus
1362 2243 1476 2289 olim

69 2338 219 2374 sancta
244 2327 404 2373 civitas
430 2324 815 2381 conculcabatur,
844 2334 890 2370 et
906 2323 1223 2369 sanctuarium
1247 2321 1330 2366 Dei
1357 2320 1479 2365 nesa-

69 2404 136 2450 rie
154 2403 583 2451 contaminabatur.
607 2400 910 2448 Detestabiles
929 2401 1056 2446 enim
1075 2399 1298 2463 Agareni,
1315 2398 1478 2443 divino

68 2481 239 2546 judicio
265 2482 596 2545 permittente,
615 2479 991 2525 Christianorum
1020 2474 1479 2540 limitesjamdudum

73 2560 378 2616 transierunt,
400 2560 566 2605 Sancta
587 2559 708 2604 Loca
730 2559 1017 2612 invaserunt,
1035 2553 1334 2600 Christicolas
1354 2550 1481 2596 habi-

74 2646 241 2684 tatores
260 2639 605 2684 interemerunt
615 2672 628 2693 ,
649 2635 976 2699 spurcitiisque
990 2633 1080 2679 suis
1096 2629 1479 2678 abominabiliter

121 2812 168 2856 (ยน)
188 2813 345 2848 Clialeur
366 2815 540 2848 excessivo
557 2813 622 2859 (de
643 2819 736 2848 mim.
761 2811 919 2854 brulein)
