2085 3455
495 302 571 341 104
856 299 1097 338 HISTORIA
1129 299 1528 339 ECCLESIASTICA.

554 390 607 434 In
642 386 904 452 hujusmodi
937 386 1538 448 permutationibus“exteri
1574 386 1775 431 cultores
1801 386 1892 431 sal-

492 467 678 523 luntur3
710 464 786 511 sesl
817 463 1136 509 benivolentia
1169 464 1325 527 pleni,
1359 464 1541 509 facilem
1578 462 1761 509 veniam
1794 479 1891 507 nou

490 543 709 590 malitiosi
729 541 904 588 erroris
925 552 1296 605 consequuntur.
1320 542 1487 588 Nactas
1506 542 1680 605 quippe
1696 540 1894 586 fortuitu

491 621 709 685 reliquias
740 635 828 682 pro
861 634 993 681 posse
1023 635 1106 664 suo
1132 617 1414 675 sublimant,
1447 618 1523 664 sed
1555 617 1612 664 de
1641 617 1895 681 peregrino

492 698 540 742 in
571 714 648 741 sua
678 693 975 757 indagatione
1000 693 1238 741 Ansberto
1266 705 1451 751 errant3
1480 710 1622 758 quem
1648 693 1751 756 plus
1769 693 1896 756 justo

491 781 847 836 promoventes,
887 769 1290 835 archiepiscopum
1329 772 1725 834 Rotomagensem
1756 779 1897 814 autu-
1936 792 1939 793 ⁷

492 859 636 895 mant.
664 848 843 895 Verum
869 846 1089 893 audacter
1112 864 1322 894 assevero
1345 846 1473 912 quod
1504 847 1707 910 plurima
1739 846 1897 891 inves-

492 927 716 991 tigatione
745 925 912 972 edidici
940 927 1039 972 sine
1066 925 1228 972 dubio.
1260 926 1492 973 Uticensis
1516 925 1742 970 nimirum
1770 923 1898 968 Ans-

490 1004 650 1050 bertus
664 1003 936 1067 illejuvenis
952 1014 1038 1059 est,
1055 1004 1136 1068 qui
1152 1005 1251 1049 sine
1265 1004 1434 1050 viatico
1448 1011 1642 1066 repente
1657 1000 1899 1047 defunctus

491 1090 580 1137 est,
613 1079 691 1126 sed
719 1097 831 1126 mox
859 1097 882 1125 a
915 1091 1076 1126 sancto
1099 1091 1233 1143 patre
1261 1080 1462 1126 Ebrulso
1491 1080 1785 1126 resuscitatus
1811 1089 1894 1124 est.

490 1157 703 1221 Denique
721 1167 940 1220 percepta
957 1158 1292 1204 communione
1309 1157 1532 1221 migravit
1550 1155 1606 1202 ad
1622 1156 1897 1207 Dominum,

491 1246 537 1280 et
562 1236 842 1281 Sanctorum
874 1235 1072 1280 feliciter
1097 1233 1290 1296 adeptus
1319 1245 1388 1279 est
1421 1233 1707 1279 convivium.
1744 1232 1899 1278 Roto-

492 1311 721 1375 magensis
750 1321 905 1356 autem
931 1309 1195 1356 Ansbertus
1224 1327 1330 1355 eum
1356 1307 1709 1372 VVaudregisilo
1733 1307 1901 1354 abbate

492 1400 537 1436 et
556 1389 835 1437 Gwlsranno
857 1388 1190 1451 archipraesule
1210 1387 1471 1434 Senonensi
1495 1385 1776 1432 Fontinellae
1800 1402 1901 1432 ser-

494 1478 631 1513 vatur
657 1469 752 1530 (1),
783 1466 1033 1530 debitaque
1057 1484 1081 1512 a
1104 1466 1195 1511 suis
1221 1466 1485 1511 reverentia
1510 1463 1722 1528 quotidie
1746 1463 1902 1510 hono-

494 1554 643 1590 ratur.
671 1544 783 1589 Haee
801 1543 857 1589 de
876 1544 1130 1607 partitione
1154 1543 1366 1605 eorporis
1389 1543 1435 1586 S.
1463 1540 1651 1586 Ebrulfi
1675 1541 1903 1587 veraciter

497 1622 680 1676 notavi,
717 1621 835 1667 sicut
863 1638 888 1666 a
913 1620 1142 1684 religiosis
1167 1630 1212 1666 et
1237 1618 1479 1665 veracibus
1505 1618 1750 1664 silicerniis
1774 1619 1902 1682 jam-

495 1697 675 1745 dudum
698 1697 869 1743 audivi.

560 1778 792 1823 Defuncto
821 1777 1021 1839 Hugone
1051 1776 1224 1839 Magno
1242 1811 1252 1830 ‚
1284 1775 1405 1820 filius
1427 1776 1523 1838 ejus
1546 1776 1683 1838 Hugo
1705 1774 1903 1837 Magnus

498 1857 545 1901 in
577 1854 748 1901 ducatu
778 1853 1019 1909 successit,
1057 1864 1103 1899 et
1131 1853 1249 1899 ortis
1279 1851 1558 1917 quibusdam
1590 1849 1903 1897 simultatibus

545 2031 593 2073 (ι)
610 2028 725 2062 Nou-e
743 2034 873 2061 auteur
890 2025 1012 2060 oublie
1029 2025 1075 2059 ici
1097 2024 1184 2071 qu’il
1202 2037 1219 2058 a
1237 2024 1292 2058 dit
1309 2025 1548 2069 precisement
1561 2022 1595 2057 le
1608 2022 1789 2057 contraire
1806 2022 1905 2069 quel-

498 2100 586 2136 ques
604 2085 850 2134 paragraplies
867 2084 947 2130 plus
966 2084 1069 2118 haut.
1090 2083 1212 2129 Voyez
1231 2082 1426 2123 ci-dessus‚
1449 2094 1486 2128 p.
1506 2083 1563 2122 84.

545 2148 592 2181 Le
609 2147 729 2180 moine
749 2144 794 2177 de
813 2143 957 2184 Rebais,
981 2143 1043 2190 qui
1061 2155 1081 2176 a
1099 2143 1190 2176 ecrit
1209 2154 1281 2175 une
1301 2149 1427 2176 courle
1445 2141 1600 2175 relation
1620 2140 1664 2174 de
1682 2140 1845 2173 l’arrivee
1860 2139 1905 2172 de

498 2218 555 2240 ces
582 2205 738 2252 reliques
766 2204 855 2237 dans
882 2215 945 2237 son
972 2202 1106 2248 abbaye
1135 2202 1261 2247 (voyez
1288 2203 1385 2235 Acta
1414 2202 1483 2236 SS.
1514 2200 1592 2235 ord.
1624 2201 1665 2234 S.
1694 2198 1902 2237 Benedicti„

499 2280 574 2301 saec.
593 2268 656 2309 v),
683 2271 841 2299 commet
868 2263 1109 2310 precisement
1135 2261 1287 2295 l’erreur
1311 2268 1437 2295 contre
1460 2259 1614 2307 laquelle
1645 2266 1749 2293 notre
1775 2265 1906 2292 auteur

499 2329 597 2361 vient
615 2325 660 2360 de
679 2325 834 2366 s’fflever,
856 2330 892 2357 et
910 2324 973 2370 qui
998 2322 1086 2356 &tait
1110 2320 1386 2368 probahlement
1412 2320 1443 2354 la
1469 2319 1643 2353 tradition
1670 2317 1904 2352 universelle-

499 2393 600 2420 ment
615 2384 767 2431 adoptee
785 2383 873 2417 dans
888 2390 943 2417 cet
957 2381 1242 2422 ‹ktablissemenu
1264 2380 1380 2414 savoir
1395 2396 1402 2413 :
1419 2392 1489 2426 que
1507 2379 1601 2412 saint
1617 2377 1793 2419 Ansbert,
1815 2376 1905 2411 dont

498 2446 547 2479 les
571 2444 729 2492 reliques
750 2457 771 2487 ,κ’
799 2443 939 2476 avaient
959 2443 1015 2475 ere
1039 2441 1229 2487 appol-tees
1249 2452 1314 2485 par
1332 2439 1448 2472 Raoul
1467 2438 1512 2472 de
1531 2438 1683 2480 Drachi‚
1707 2437 1794 2470 etait
1812 2437 1904 2470 saint

498 2506 671 2546 Ansbert,
693 2503 920 2549 archeveque
938 2501 982 2534 de
999 2501 1140 2534 Rouen.

545 2566 649 2600 Cette
672 2563 826 2597 relation
848 2561 1028 2595 renferme
1046 2571 1177 2593 encore
1194 2570 1266 2591 une
1289 2564 1391 2590 autre
1409 2568 1536 2590 erreur
1557 2568 1673 2600 grave.
1694 2556 1723 2589 ll
1738 2569 1761 2601 y
1779 2562 1833 2589 est
1850 2555 1902 2589 dir

497 2638 568 2673 que
589 2636 646 2659 ces
671 2622 827 2669 reliques
849 2620 973 2654 furent
991 2620 1180 2665 apportees
1201 2617 1246 2651 de
1266 2614 1490 2651 Normandie
1509 2627 1552 2648 au
1572 2621 1698 2649 retour
1716 2614 1824 2648 d'une
1847 2615 1903 2647 in-

498 2686 619 2720 <asion
635 2683 679 2717 de
693 2695 732 2716 ce
747 2694 831 2728 pays
847 2693 910 2727 par
927 2679 958 2713 le
976 2680 1027 2713 roi
1044 2678 1201 2719 Robert,
1219 2676 1460 2722 competiteur
1475 2674 1519 2707 «le
1535 2673 1900 2719 (Ilmrlvs-le-Simplc.

499 2745 658 2780 invasion
672 2743 733 2789 qui
750 2742 801 2775 n'n
816 2740 942 2783 jnmais
954 2740 1077 2776 existe,
1098 2738 1122 2770 si
1143 2750 1181 2770 (⁷0
1198 2737 1286 2768 n'ost
1305 2735 1392 2768 «lans
1412 2734 1674 2776 l‘imagination
1691 2733 1752 2765 cles
1767 2733 1904 2766 moines.

499 2806 541 2838 dr*
565 2804 705 2837 Rcbais.
