2033 3445
567 300 719 339 LIBER
747 303 991 346 OCTAVUS.
1406 319 1483 358 305

83 388 176 422 tam
202 378 355 425 verbis
378 398 518 445 quan]
537 387 722 448 scriptis
750 399 796 433 et
820 390 1102 438 salutaribus
1125 398 1349 460 exemplis
1380 403 1485 449 sub-

75 456 220 518 jectos
235 456 424 504 erudiit.
450 460 646 507 Prael'ata
671 464 900 512 nimirum
923 467 1017 515 cluo
1039 476 1342 532 monasteria,
1364 480 1483 527 sicut

79 532 136 579 ab
171 550 266 580 uno
306 536 520 600 principe
555 540 872 601 primordium
909 546 1196 595 fundationis
1226 568 1479 615 ceperunt,

78 610 140 656 sic
166 627 222 655 ex
256 629 352 658 uno
383 614 512 660 ‘sonte
544 633 650 661 usus
682 617 855 666 divinae
889 623 1126 670 servitutis
1156 637 1202 673 et
1233 634 1480 680 monastici

75 685 251 732 ordinis
287 687 631 737 institutionem
669 710 986 758 sumpserunt.
1017 700 1249 765 Rogerius
1274 707 1399 753 enim
1425 708 1482 756 de

76 763 236 810 Monte
304 763 540 814 Gomerici
595 781 849 837 utrumque
912 778 1185 826 coenobium
1239 786 1481 833 monachis

72 839 260 899 dicavit,
286 854 333 889 et
356 844 676 894 Fiscannensis
714 868 879 898 norma
915 866 1168 921 utrumque
1200 863 1479 912 monachico

72 917 177 962 ritui
201 919 467 981 applicavit.
495 923 626 970 Unus
645 944 779 973 amor
796 928 880 975 hos
900 933 1078 994 pariter
1093 937 1357 986 coenobitas
1370 960 1479 989 con-

70 993 250 1050 nexuit,
279 996 663 1064 signipotensque
699 1003 960 1063 Martinns,
992 1009 1282 1061 Turonensis
1318 1017 1477 1064 archi—

68 1071 251 1133 praesul‚
274 1090 358 1119 suo
375 1077 645 1140 mancipatu
661 1083 933 1130 commissos
950 1089 1169 1136 custodit.
1197 1091 1436 1156 Sagienses
1451 1115 1475 1143 a

66 1148 438 1198 Troarnensibus
459 1154 668 1216 primum
693 1157 780 1203 sibi
801 1159 1021 1210 abbatem
1048 1166 1118 1229 (ι)
1144 1183 1469 1232 sumpserunt,

65 1235 108 1270 et
130 1242 281 1284 nunc,
307 1228 471 1276 eodem
494 1231 645 1279 adhuc
671 1245 805 1297 patre
825 1238 1036 1298 vivente,
1064 1245 1359 1294 amicabilem
1384 1250 1472 1297 sibi

65 1302 426 1351 vicissitudinem
467 1307 523 1354 de
568 1308 806 1374 discipulis
855 1317 951 1379 ejus
999 1322 1308 1383 repetierunt.
1367 1327 1471 1387 Quo

63 1377 251 1443 adepto,
279 1382 378 1429 Deo
398 1385 569 1447 gratias
588 1400 809 1452 egerunt,
833 1390 1042 1459 bonique
1060 1401 1258 1460 pastoris
1280 1403 1469 1452 solertia

61 1454 175 1502 bene
201 1450 524 1520 profecerunt„

119 1535 252 1582 Tunc
273 1537 541 1586 Rodbertus
554 1577 564 1596 ‚
585 1542 896 1594 Normanniae
911 1548 1004 1595 dux
1020 1587 1031 1605 ,
1049 1554 1332 1616 optimatum
1353 1576 1466 1605 suo-

58 1628 158 1657 rum
183 1615 605 1678 supplicationibus
633 1621 960 1687 adquiesce115‚
986 1629 1245 1678 IIenricum
1269 1635 1464 1683 fratrem

57 1705 183 1735 suum
205 1694 457 1751 concessit,
483 1707 529 1742 et
545 1715 568 1743 a
591 1698 813 1759 vinculis,
837 1703 882 1748 in
901 1705 1072 1767 quibus
1090 1726 1199 1755 cum
1215 1710 1462 1763 Rodberto

55 1764 329 1814 Belesmensi
355 1774 638 1820 constrictus
662 1776 836 1836 suerat,
866 1779 1084 1828 absolvit.

113 1841 213 1889 Vll.
259 1846 595 1913 [1085-1086.]
640 1853 772 1900 Circa
815 1855 915 1903 haec
953 1869 1168 1923 tempora
1200 1863 1458 1930 Gregorius

52 1918 165 1983 Papa
193 1922 239 1967 in
268 1923 386 1970 urhe
412 1926 740 1977 Beneventana
774 1932 1017 1982 defunctus
1046 1949 1115 1984 est
1138 1941 1232 2003 (2),
1261 1954 1307 1989 et
1330 1944 1457 1991 Desi-

51 1995 225 2056 derius,
269 2001 551 2050 Cassinensis
591 2006 759 2063 abbas,
796 2011 841 2057 in
875 2012 1142 2073 Victorem,
1184 2019 1453 2068 Romanum

48 2073 213 2139 Papam
228 2115 240 2135 ‚
268 2080 441 2127 electus
467 2094 512 2128 et
533 2084 875 2135 inthronizatus
899 2102 967 2137 est
988 2094 1073 2154 (3).
1095 2095 1309 2144 Defuncti
1336 2117 1450 2147 vero

46 2149 175 2215 Papae
199 2171 369 2219 corpus
396 2159 441 2204 in
470 2162 759 2210 consessione
789 2169 934 2214 sancti
958 2169 1300 2221 Bartholomaei
1331 2194 1449 2239 apo-

44 2230 144 2275 stoli
183 2235 464 2282 tumulatum
489 2250 557 2284 est
583 2241 653 2303 (fg)
672 2278 681 2296 ‚
711 2242 789 2288 ubi
815 2247 996 2293 meritis
1023 2251 1119 2312 ejus
1144 2250 1249 2298 fidei
1275 2265 1446 2317 peten-

83 2429 131 2475 (ι)
152 2430 307 2477 Robert,
333 2439 492 2482 premier
511 2440 559 2474 du
588 2455 691 2485 noni,
722 2444 816 2479 srcrc
837 2446 882 2479 de
907 2447 1070 2496 Drogon,
1096 2453 1188 2488 abbe
1213 2455 1260 2488 du
1283 2457 1442 2505 'l'rcport

38 2488 359 2538 (1056-15janvici·
384 2498 502 2545 1089).

80 2546 127 2592 (2)
147 2549 327 2596 Grcgoiie
350 2554 417 2588 &³11
440 2569 484 2591 nc
505 2567 652 2593 mourut
673 2562 776 2606 point
800 2565 816 2596 i·
844 2564 1040 2612 Benevent,
1063 2571 1152 2605 mais
1175 2575 1194 2606 a
1216 2574 1381 2620 Salerne,
1406 2579 1439 2613 lc

37 2601 78 2635 25
93 2607 164 2640 mai
187 2609 284 2643 1085.

79 2660 128 2707 (3)
147 2664 276 2701 Victor
294 2669 346 2703 Ill
359 2698 367 2712 ‚
387 2672 444 2705 clu
465 2673 496 2707 le
515 2677 558 2716 24
579 2677 647 2709 inai
672 2677 778 2721 1086,
802 2686 970 2717 consacre
987 2684 1020 2719 le
1037 2698 1060 2733 9
1076 2689 1145 2722 mai
1169 2690 1268 2739 1087.

80 2719 127 2765 (4)
149 2723 329 2772 Gregoirc
351 2730 423 2764 VII
447 2745 491 2766 nc
514 2734 569 2767 fut
596 2737 698 2781 point
721 2743 866 2774 cutem-e
886 2741 974 2777 dans
996 2745 1133 2792 l'cglisc
1157 2749 1434 2788 saint-Barth&-

35 2774 134 2822 lomi,
157 2785 173 2815 ἰι
198 2784 370 2822 l’›‹³n‹'·v‹·n¹
386 2818 393 2831 ,
415 2794 503 2826 nmis
523 2794 611 2829 (lans
630 2797 716 2831 colli·
735 2799 778 2832 do
798 2801 1120 2851 Saintdhttlnicu,
1141 2811 1157 2842 i«
1178 2811 1336 2847 Salvrnc.

132 2858 199 2887 lll.
1180 2888 1235 2914 20
