2033 3445
86 246 166 297 [ων
185 259 268 283 m.
298 246 414 295 1098]
613 220 764 286 LIBER
795 247 973 285 NONUS.
1413 252 1485 290 541

84 343 242 396 portas
267 333 411 396 igitur
436 345 774 391 cucurrerunt,
799 334 1109 390 introierunt,
1134 338 1373 402 sociosque
1392 350 1494 386 toto

85 411 189 457 nisu
221 411 519 475 adjuverunt.
560 413 764 470 Turcos,
806 411 1125 476 subterfugere
1153 415 1425 474 molientes,
1458 418 1493 463 si

84 505 200 553 quos
228 489 535 545 invenerunt,
565 490 765 552 impigre
797 488 1101 535 caeciderunt.
1130 491 1327 549 Quidam
1354 494 1493 539 etiam

83 566 351 612 Turcorum
370 582 455 628 per
478 576 638 628 portas
657 566 952 629 effugerunt,
977 567 1202 630 quoniam
1227 569 1494 631 impetuosis

82 642 274 687 Francis
305 642 533 705 incogniti
559 641 768 687 suerunt.

148 719 388 764 Cassianus
403 719 473 781 (1)
490 729 664 774 autem,
683 719 951 765 Turcorum
971 719 1208 777 dominus,
1226 719 1492 768 Antiochiae

84 796 372 854 Admiratus,
393 797 518 842 inter
531 797 761 860 fugientes
774 796 976 853 delituit,
995 808 1040 843 et
1055 799 1312 862 aufugienS,
1335 800 1380 845 in
1401 810 1495 846 ter-

83 892 186 920 ram
210 873 440 919 Tancredi
462 875 703 937 pervenit,
732 874 912 938 ibique,
940 875 1030 920 suis
1048 875 1177 939 equis
1195 912 1207 932 ,
1235 875 1493 923 sodalium-

82 968 172 1015 que
206 968 426 1007 suorum,
455 950 511 996 ad
552 962 818 997 extremum
850 952 1001 1007 sessis,
1037 963 1221 998 coactus
1259 952 1490 1010 substitit,

82 1038 128 1073 et
163 1028 210 1073 in
234 1027 469 1092 quoddam
509 1028 750 1091 tugurium
776 1027 983 1072 divertit.
1018 1028 1118 1073 Hoc
1151 1039 1202 1073 ut
1225 1028 1410 1074 Suriani
1447 1041 1493 1074 et

83 1105 326 1161 Armenii,
354 1105 561 1169 regionis
586 1106 709 1151 illius
732 1106 902 1151 accolae
918 1141 929 1161 ,
951 1104 1122 1169 quibus
1143 1106 1288 1151 multa
1309 1106 1490 1152 Cassia-

83 1200 167 1228 nus
193 1182 313 1228 mala
348 1184 542 1238 fecerat,
572 1193 937 1246 compererunt,
967 1199 1023 1228 ex
1058 1184 1122 1228 eis
1154 1184 1250 1229 sere
1275 1201 1338 1229 xx
1369 1201 1491 1230 con-

82 1277 269 1305 cursum
300 1260 346 1305 in
373 1277 479 1305 eum
502 1260 739 1316 fecerunt,
769 1258 1047 1322 apprehensi
1069 1270 1207 1322 caput
1234 1260 1302 1323 (2)
1324 1277 1491 1323 ampu—

83 1346 327 1390 taverunt,
354 1348 399 1382 et
423 1335 702 1383 Buamundo
727 1347 1152 1400 praesentaverunt.
1179 1336 1329 1394 Unde,
1350 1349 1395 1383 et
1416 1338 1491 1401 ip-

80 1414 172 1459 sius
195 1414 343 1477 gratia
378 1425 423 1460 et
447 1425 606 1477 optata
630 1414 848 1460 libertate
870 1414 1006 1477 potiti
1031 1425 1156 1459 sunt.
1193 1415 1371 1460 Infelici
1395 1415 1489 1461 sor-

84 1502 193 1537 tuna
229 1491 448 1555 deceptus
472 1493 536 1538 sic
559 1493 700 1555 periit
726 1492 985 1538 Cassianus.
1021 1492 1260 1537 Incertum
1294 1491 1492 1538 habetur

81 1586 139 1615 an
165 1569 307 1616 totius
330 1585 495 1632 expers
514 1569 719 1632 confugii
743 1568 1026 1624 discesserit,
1056 1586 1112 1614 au
1139 1569 1196 1615 ad
1216 1569 1491 1634 disquiren—

80 1645 194 1692 dum
217 1665 240 1692 a
261 1646 611 1693 contribulibus
631 1647 721 1692 suis
745 1645 1033 1710 adjutorium
1056 1645 1349 1692 discurrerit.
1372 1647 1490 1693 Illud

81 1736 263 1771 certum
286 1724 501 1781 habetur,
524 1725 748 1788 quoniam
767 1725 801 1769 si
822 1724 1063 1770 castellum
1081 1741 1216 1769 suum
1234 1725 1488 1782 introisset,

81 1801 168 1848 sibi
192 1802 376 1865 suisque
407 1802 725 1865 opportunius
748 1802 1066 1848 consuluisset.
1091 1801 1260 1847 Plateae
1298 1818 1413 1847 vero
1446 1813 1493 1848 et

127 1977 177 2022 (ι)
202 1977 250 2010 Le
272 1976 446 2011 veritable
474 1988 559 2010 nom
584 1976 629 2010 de
649 1988 688 2010 ce
716 1987 957 2022 gouverneur,
980 1976 1041 2022 qui
1066 1987 1083 2008 a
1111 1977 1167 2009 ete
1188 1975 1313 2022 appele
1336 1976 1491 2023 Caspien

82 2048 148 2083 par
171 2028 326 2070 Etienne
352 2036 398 2070 de
425 2035 541 2078 Blois;
568 2036 720 2070 Dal-sian
752 2047 816 2082 par
847 2034 973 2069 Albert
999 2035 1123 2077 d’Aix3
1154 2035 1362 2081 Baghitian‚
1393 2036 1490 2071 Gra-

84 2096 178 2139 tien,
200 2102 291 2139 etc.3
306 2108 372 2141 par
389 2095 548 2129 d’autres
564 2095 781 2137 historiens,
803 2095 917 2141 parait
932 2095 1010 2129 &tre
1029 2094 1247 2140 Bagui-Sian
1259 2122 1268 2137 ,
1287 2094 1426 2142 d'apres
1441 2096 1493 2131 les

82 2153 280 2187 historiens
300 2153 502 2187 oi-ieutaux.
524 2152 656 2187 C'etait
674 2165 723 2187 un
743 2153 868 2199 prince
891 2151 1109 2198 Seljoucide.
1137 2152 1187 2186 Ce
1205 2164 1280 2198 que·
1298 2160 1402 2187 notre
1427 2167 1492 2188 au-

83 2219 166 2247 teur
184 2211 332 2258 designe
354 2212 399 2245 ici
419 2224 483 2258 par
499 2211 532 2245 le
551 2223 637 2245 nom
657 2211 702 2246 de
720 2218 817 2245 terre
834 2211 878 2245 de
897 2210 1106 2254 Taum-ede,
1129 2212 1215 2245 e'tait
1233 2211 1265 2244 la
1283 2213 1429 2258 portion
1448 2214 1493 2248 de

83 2273 116 2307 la
135 2271 283 2315 Cilicie,
304 2272 478 2319 conquise
497 2284 561 2317 par
586 2283 626 2305 ce
649 2271 795 2305 vaillant
821 2272 985 2317 guerrier
1008 2278 1113 2306 avant
1138 2270 1170 2305 le
1191 2271 1305 2318 siege,
1335 2279 1371 2306 et
1391 2274 1439 2307 ou
1459 2286 1495 2308 se

84 2332 290 2367 trouvaient
307 2331 356 2365 les
372 2331 471 2365 villes
488 2330 533 2365 de
550 2330 769 2373 Malmistra,
789 2330 1049 2365 Alexandrette
1061 2358 1070 2373 ‚
1094 2330 1287 2374 Laodicee,
1306 2338 1375 2367 etc.
1396 2332 1493 2366 Dans

84 2390 117 2425 la
139 2391 246 2426 lettre
272 2382 488 2438 qu’Etienne
512 2389 558 2425 de
582 2389 678 2424 Blois
701 2390 827 2424 e'crivit
850 2391 869 2423 ἐι
889 2401 924 2423 sa
944 2390 1076 2424 femme
1095 2390 1225 2434 Adele,
1250 2402 1331 2425 sous
1355 2390 1386 2424 la
1411 2390 1494 2425 date

85 2449 134 2484 du
151 2462 196 2497 29
210 2462 305 2485 mars
316 2478 324 2494 ‚
345 2450 369 2484 il
384 2462 548 2484 annonce
565 2462 636 2497 que
654 2449 798 2483 l’armee
813 2449 1026 2484 chre'tienne
1041 2450 1224 2496 possedait
1239 2451 1318 2496 dejit
1332 2463 1377 2485 en
1393 2450 1495 2497 Syrie

85 2516 168 2544 cent
185 2510 346 2544 soixante
364 2516 443 2543 tant
460 2508 559 2543 villes
578 2520 650 2555 que
667 2508 854 2542 chateaux.

131 2570 181 2615 (2)
207 2570 314 2606 Voici
336 2569 369 2604 la
393 2568 614 2615 description
635 2567 826 2615 qu’Albert
845 2568 949 2603 d’Aix
970 2580 1062 2603 nous
1079 2569 1200 2604 donne
1217 2570 1262 2604 dc
1280 2576 1373 2604 cette
1394 2570 1466 2604 tete
1484 2585 1488 2602 z

90 2628 208 2674 Caput
231 2641 319 2663 vero
338 2630 441 2663 mine
460 2626 719 2674 grossitudinis
740 2633 837 2667 erat;
861 2639 970 2661 aures
992 2628 1181 2662 latissimoe
1208 2635 1242 2661 et
1259 2629 1386 2674 pilosa)
1397 2645 1405 2666 ,-
1429 2640 1490 2660 εα-

85 2688 167 2732 pilli
191 2690 275 2722 cani
296 2701 376 2722 cum
405 2687 538 2724 barba,
565 2700 647 2733 qua!
672 2700 693 2721 α
719 2692 837 2720 mento
859 2698 971 2732 usque
997 2685 1049 2720 ad
1073 2688 1279 2721 umbilicum
1304 2687 1381 2731 ejus
1406 2698 1492 2730 pm-

80 2746 233 2788 fluebal.
