2085 3455
566 326 616 362 36
924 324 1162 362 HISTORIA
1193 324 1587 362 ECCLESIASTICA.
1809 328 1943 376 [1079]

565 412 808 476 praeceptis
831 412 910 457 Dei
928 448 940 467 ,
962 411 1074 457 dum
1099 412 1214 456 vivit
1232 421 1278 456 et
1300 421 1476 473 potest,
1496 409 1693 455 fideliter
1711 409 1948 475 obtempe-

564 507 667 536 rare
683 526 695 546 ‚
718 500 768 536 ut
788 489 1066 551 contemptis
1086 487 1302 533 labilibus
1325 503 1410 550 per
1433 487 1516 532 Dei
1547 488 1745 550 gratiam
1774 499 1947 534 aeterna

561 567 704 631 possit
721 567 988 629 impetrare.
1016 564 1125 609 Haec
1148 563 1397 627 diligenter
1421 562 1736 619 considerans,
1759 564 1949 628 quidam

560 661 808 709 generosus
829 645 875 689 in
894 642 1183 689 Normannia
1209 642 1338 688 miles
1357 642 1549 687 nomine
1571 641 1823 688 Gulbertus
1838 679 1849 697 ,
1874 643 1950 687 Ri-

561 721 685 768 cardi
704 720 760 767 de
792 720 1053 784 Huglevilla
1076 719 1146 781 (1)
1175 718 1315 775 filius,
1345 719 1566 764 instinctu
1592 719 1812 764 Beatricis
1832 736 1950 766 con-

560 799 677 862 jugis
700 815 793 843 suae
818 795 1023 842 decrevit
1052 796 1097 840 in
1125 797 1410 858 patrimonio
1443 812 1525 841 suo
1562 794 1684 858 apud
1717 795 1949 859 Alsagium

562 874 813 922 monachos
843 874 1151 929 constituere,
1185 889 1389 936 quorum
1429 871 1647 935 precibus
1678 872 1951 937 meritisque

554 954 797 1017 juvaretur
822 953 868 997 in
893 961 1103 996 extremo
1131 950 1358 996 examine.
1395 950 1457 995 Et
1486 950 1592 1012 quia
1615 950 1776 1013 Drogo
1808 967 1952 1012 nepos

560 1047 666 1075 suus
678 1029 948 1075 saecularem
960 1027 1176 1072 militiam
1192 1043 1341 1090 nuper
1354 1027 1632 1090 reliquerat,
1651 1037 1696 1072 et
1710 1026 1829 1089 apud
1844 1028 1952 1073 Uti-

561 1124 667 1152 cum
687 1106 732 1151 in
770 1105 991 1151 coenobio
1017 1105 1162 1150 sancti
1194 1104 1378 1150 Ebrulfi
1403 1104 1675 1151 confessoris
1705 1103 1952 1150 monacha·

561 1195 661 1228 tum
694 1191 1022 1244 assumpserat,
1045 1181 1325 1226 Mainerium
1349 1181 1563 1227 abbatem
1590 1192 1636 1227 et
1653 1181 1953 1228 Ebrulfianos

557 1258 811 1306 monachos
864 1257 1166 1303 vehementer
1218 1257 1473 1314 adamavit,
1509 1258 1663 1322 eisque
1714 1259 1953 1305 ecclesiam

558 1337 604 1382 S.
632 1336 796 1381 Mariae
816 1334 873 1380 de
899 1333 1081 1397 Alsagio
1108 1334 1176 1396 (2)
1201 1351 1309 1379 cum
1339 1333 1556 1380 omnibus
1579 1334 1844 1397 praebendis
1863 1337 1954 1382 suis

557 1413 682 1460 dedit
705 1433 714 1458 ε
739 1413 819 1458 tali
856 1423 992 1475 pacto
1030 1423 1081 1457 ut
1110 1428 1185 1457 sex
1212 1411 1429 1457 monachi
1462 1429 1552 1474 pro
1578 1428 1655 1457 sex
1689 1412 1948 1466 canonicis,

559 1491 638 1554 qui
661 1500 770 1535 tunc
795 1488 969 1534 ibidem
987 1487 1311 1534 deserviebant
1327 1524 1338 1544 ‚
1369 1489 1767 1534 constituerentur
1781 1508 1794 1546 ;
1821 1500 1866 1534 et
1886 1507 1955 1535 ca-

562 1567 742 1613 nonicis
767 1564 980 1629 quolibet
1005 1564 1172 1621 modo,
1199 1566 1272 1611 vel
1297 1564 1627 1611 emendatioris
1649 1566 1757 1610 vitae
1779 1566 1858 1628 pio
1883 1584 1956 1612 co-

561 1655 675 1690 natu
690 1680 700 1699 ‚
751 1642 980 1689 mundum
1022 1642 1396 1706 relinquentibus
1411 1679 1422 1698 ,
1467 1642 1742 1705 praebendas
1789 1659 1953 1689 eorum

560 1720 959 1766 nanciscerentur.
1002 1718 1140 1765 Dedit
1178 1720 1316 1765 etiam
1346 1721 1562 1782 praefatus
1595 1720 1743 1766 Heros
1784 1719 1955 1766 eisdem

559 1796 799 1844 monachis
829 1807 972 1843 totam
1000 1797 1160 1842 villam
1193 1796 1250 1842 de
1272 1797 1418 1843 Pareo
1443 1797 1513 1860 (5)
1530 1833 1543 1854 ,
1570 1814 1675 1843 cum
1700 1797 1887 1843 ecclesia
1911 1809 1956 1843 et

563 1885 656 1920 tota
673 1874 847 1920 decima
866 1874 1069 1938 ejusdem
1086 1874 1230 1932 villae,
1250 1875 1309 1920 ita
1330 1873 1525 1920 liberam
1537 1910 1549 1931 ,
1569 1885 1615 1921 et
1624 1874 1682 1920 ab
1700 1876 1828 1921 omni
1848 1892 1955 1921 mo-

561 1951 671 1997 lesta
705 1951 1039 1998 consuetudine
1062 1951 1345 2008 absolutam,
1373 1952 1492 1997 sicut
1515 1952 1609 2015 ipse
1637 1951 1858 1998 hactenus
1885 1963 1957 1998 te·-

562 2040 728 2075 nuerat
758 2045 876 2074 eam.
914 2029 1141 2075 Homines
1170 2028 1226 2075 de
1263 2030 1409 2075 Pareo
1448 2030 1644 2076 omnino
1675 2029 1873 2076 absolvit
1906 2039 1957 2074 ut

561 2104 741 2150 nullam
758 2103 843 2150 sibi
865 2105 1126 2151 coactitiam
1153 2104 1403 2151 exhibeant
1428 2106 1723 2163 servitutem,
1746 2122 1832 2151 nec
1849 2116 1956 2151 eant

568 2182 649 2226 nisi
672 2182 719 2227 111
738 2182 998 2245 generalem
1022 2183 1247 2246 principis
1264 2183 1570 2229 Normanniae
1589 2182 1950 2246 expeditionem.

567 2260 620 2304 In
638 2259 909 2306 molendino
923 2259 980 2306 de
999 2259 1179 2324 Alsagio
1201 2259 1326 2306 dedit
1345 2278 1432 2323 pro
1451 2260 1626 2306 decima
1646 2259 1760 2306 duos
1778 2258 1957 2306 modios

567 2337 708 2382 tritici
734 2337 926 2401 singulis
949 2339 1106 2395 annis,
1139 2349 1184 2384 et
1213 2339 1260 2384 in
1292 2339 1384 2384 alio
1408 2337 1679 2384 molendino
1704 2354 1842 2400 super
1873 2337 1958 2382 Se-

568 2412 674 2458 dam
699 2414 768 2476 (4)
791 2414 1036 2460 dimidium
1058 2414 1266 2461 modium
1292 2414 1535 2479 cujuslibet
1551 2415 1730 2479 segetis.
1759 2413 1959 2459 Conces—

570 2491 628 2535 sit
647 2490 787 2536 etiam
805 2502 857 2536 ut
874 2491 1091 2538 monachi
1115 2491 1171 2538 de
1194 2493 1332 2557 lignis
1360 2493 1486 2538 silvae
1508 2510 1625 2550 suae,
1652 2509 1755 2556 quae
1780 2490 1958 2536 Harul-

616 2632 666 2675 (1)
680 2631 1081 2677 Heugleville-sur—Sie.

617 2693 668 2734 (2)
686 2690 835 2736 L'eglise
853 2690 994 2726 d’Aufai
1007 2720 1014 2734 ,
1033 2691 1158 2726 dedice
1175 2694 1193 2726 ἐι
1211 2692 1243 2726 la
1263 2693 1375 2726 sainte
1396 2691 1542 2736 Vie1·gc.

615 2748 664 2794 (5)
683 2749 1116 2784 Noae-Dame-din-Parc.

620 2810 666 2853 (4)
686 2810 731 2842 La
752 2809 819 2842 Sic.
