2085 3455
529 331 607 368 {176
895 331 1138 370 HISTORIA
1171 330 1575 370 ECCLESIASTICA.
1609 334 1803 383 [AUTUMNO
1823 333 1943 382 1098]

527 419 642 464 tiani
661 418 1036 477 constituerunt,
1063 431 1109 466 et
1136 436 1242 484 quae
1272 419 1329 466 ad
1351 420 1534 466 cultum
1556 437 1681 467 verae
1700 420 1945 485 religionis

526 494 818 553 attinebant,
852 495 917 542 ibi
941 497 1301 544 ordinaverunt.
1328 497 1508 543 Praesul
1543 498 1814 544 Albarensis
1844 497 1946 543 An-

526 572 753 620 tiochiam
778 574 943 620 missus
966 585 1058 633 est,
1082 574 1242 639 ibique
1265 574 1525 622 secundum
1552 576 1774 622 Ecclesiae
1798 575 1943 621 ritum

526 651 669 716 digne
693 663 993 699 consecratus
1012 663 1097 699 est.

592 729 1024 795 Appropinquante
1044 730 1263 777 condicto
1286 742 1501 796 tempore
1524 733 1592 796 ξι)
1612 733 1709 797 jam
1734 729 1875 777 eundi
1897 731 1945 775 in

525 808 813 866 Jerusalem,
847 820 1177 854 convenerunt
1211 826 1375 856 omnes
1407 810 1656 873 optimates
1689 810 1736 855 in
1770 808 1948 854 Antio-

528 885 679 932 chiam
696 922 708 942 ,
734 895 781 931 et
806 895 1060 947 coeperunt
1078 901 1243 930 omnes
1261 885 1318 932 de
1340 887 1610 934 imminenti
1638 887 1832 951 negotio
1855 885 1948 931 dis·

528 979 683 1009 serere
700 998 710 1015 ‚
743 978 803 1008 ne
829 962 1026 1008 ulterius
1057 960 1442 1010 disturbarentur
1472 964 1530 1010 ab
1556 965 1741 1011 itinere.
1768 964 1950 1010 Verum

531 1039 796 1104 insopibilis
817 1039 1062 1087 altercatio
1084 1040 1141 1086 de
1175 1040 1421 1088 dominatu
1450 1043 1650 1089 civitatis
1677 1044 1802 1090 inter
1823 1043 1951 1088 Bua-

530 1116 766 1164 mundum
793 1116 964 1163 ducem
988 1127 1035 1163 et
1057 1117 1378 1164 Raimuntium
1405 1120 1631 1166 comitem
1655 1130 1781 1177 erat,
1809 1137 1951 1184 quam

530 1195 767 1259 majorum
787 1204 902 1239 natu
920 1193 1088 1257 peritia
1108 1194 1270 1240 multis
1287 1205 1334 1242 et
1354 1194 1600 1259 profundis
1620 1196 1951 1242 commonitio·
1983 1201 1985 1203 ’

532 1271 671 1318 nibus
688 1287 988 1334 compescere
1005 1270 1247 1336 nequibat.
1267 1272 1400 1318 Unus
1418 1271 1796 1319 dominationem
1809 1271 1951 1318 totius

533 1349 689 1405 urbis,
723 1351 842 1395 sicut
866 1349 906 1395 ei
933 1365 1205 1396 concessum
1229 1349 1405 1406 suerat,
1430 1349 1544 1396 dum
1570 1367 1657 1396 nec
1678 1361 1809 1413 capta
1836 1350 1953 1396 civi-

533 1438 600 1473 tas
638 1425 954 1481 obsideretur,
1005 1424 1297 1489 requirebat.
1344 1426 1482 1472 Alter
1527 1442 1641 1473 vero
1688 1442 1952 1472 sacramen-

532 1515 635 1549 tum
655 1503 753 1566 (2),
777 1513 922 1566 prout
944 1502 1039 1566 ipse
1064 1502 1369 1549 Buamundus
1395 1503 1744 1550 collaudaverat
1760 1542 1770 1562 ,
1800 1504 1954 1567 impe-

532 1582 681 1628 ratori
738 1582 972 1637 fecerant,
1031 1580 1382 1643 praetenclebat;
1429 1598 1517 1627 nec
1572 1582 1806 1628 ullatenus
1863 1597 1953 1645 pro

532 1655 812 1710 devitando,
853 1666 907 1700 ut
945 1655 1205 1713 asserebat,
1257 1658 1466 1722 perjurio
1502 1658 1707 1704 emolliri
1743 1668 1949 1721 poterat.

531 1734 838 1782 Buamnndus
862 1735 1019 1798 itaque
1034 1736 1274 1782 castellum
1288 1772 1301 1792 ,
1320 1734 1449 1799 quod
1468 1736 1508 1781 ei
1527 1734 1763 1782 redditum
1784 1736 1951 1791 suerat,

534 1814 741 1860 munivit
760 1813 996 1858 alimentis
1019 1823 1067 1859 et
1089 1812 1388 1869 hominibus,
1417 1814 1559 1859 armis
1585 1825 1632 1860 et
1655 1813 1953 1861 excubitori-

532 1892 637 1939 bus.
678 1891 845 1937 Comes
888 1890 1107 1938 similiter
1154 1891 1383 1956 palatium
1433 1891 1636 1937 Cassiani
1671 1890 1923 1938 Admiralii
1939 1928 1950 1948 ,

533 1969 661 2036 quod
688 1968 1129 2033 praeoccupaverat,
1154 1980 1200 2015 et
1225 1980 1433 2026 turrem,
1462 1986 1567 2033 quae
1591 1985 1732 2033 super
1757 1979 1956 2033 pontem

532 2060 602 2097 est
632 2067 654 2094 a
691 2048 841 2095 Portu
873 2047 1030 2093 Sancti
1074 2046 1333 2104 Simeonis,
1373 2063 1674 2111 summopere
1717 2046 1950 2093 servabat.

532 2129 699 2174 Tantae
719 2136 857 2173 erant
879 2123 1164 2171 ambitiones
1183 2136 1229 2171 et
1248 2125 1530 2183 simultates,
1551 2136 1605 2170 ut
1624 2135 1792 2171 neuter
1817 2125 1954 2171 alteri

533 2204 773 2262 crederet,
808 2213 915 2250 uter
949 2202 1036 2249 sub
1066 2203 1255 2266 palliata
1291 2202 1554 2250 ambitione
1590 2203 1827 2249 civitatem
1863 2201 1952 2248 sibi

533 2291 804 2330 attentaret.
860 2280 958 2327 Nee
1007 2282 1183 2327 mirum
1199 2318 1212 2339 ,
1261 2291 1494 2345 quantum
1538 2279 1596 2327 ad
1635 2281 1872 2327 honorem
1906 2291 1953 2326 et

533 2362 805 2408 utilitatem.
833 2358 1085 2406 Antiochia
1110 2359 1344 2424 siquidem
1364 2360 1526 2406 civitas
1545 2369 1613 2405 est
1630 2358 1952 2422 pulcherrima

532 2450 579 2486 et
611 2437 924 2484 munitissima
956 2448 1002 2483 et
1034 2438 1336 2501 copiosorum
1374 2436 1647 2483 reddituum
1682 2435 1951 2499 opulentis—

531 2518 664 2564 sima.
693 2516 812 2561 Sunt
838 2514 958 2561 infra
985 2516 1132 2579 ipsam
1162 2526 1368 2581 quatuor
1390 2526 1657 2562 montaneae
1682 2513 1789 2559 satis
1813 2513 1948 2573 altae,

532 2595 583 2641 in
624 2610 827 2659 quarum
863 2609 979 2651 una,
1021 2592 1290 2646 sublimiori
1331 2593 1531 2650 scilicet,
1576 2591 1819 2639 castellum
1852 2602 1946 2649 est,

580 2775 632 2821 (ι)
650 2775 697 2808 Le
720 2780 763 2807 1‘2r
784 2772 993 2808 novembre.

582 2834 632 2880 (¹2)
650 2832 803 2879 Ajontoz
824 2846 829 2866 :
851 2832 962 2880 qaod.
