2033 3445
107 254 303 301 [AUTUMNO
326 250 446 299 1097]
629 250 783 288 LIBER
812 248 992 287 NONUS.
1434 251 1513 289 567

107 341 264 393 testis,
299 337 348 382 in
374 338 458 381 via
486 334 638 397 gelidi
668 354 700 382 a
723 334 1062 383 consodalibus
1096 335 1244 382 relicti
1267 346 1392 382 sunt.
1419 336 1514 382 His

106 418 176 461 ita
192 414 430 479 peractis,
459 413 509 457 in
535 415 748 459 tentoriis
781 429 1148 471 commoramur,
1181 413 1517 477 auxiliumque

104 502 315 538 vestrum
345 500 389 536 et
414 489 663 536 consilium
693 489 1065 554 prcestolamur;
1091 506 1207 552 quos
1231 490 1391 536 adlzuc
1420 508 1518 537 non

105 567 286 625 hostes,
312 566 400 613 sed
423 566 661 630 legitimos
688 567 917 630 hospites,
948 567 1252 612 arbitramur.

168 646 281 691 Haec
301 655 347 691 et
371 643 442 690 his
466 644 636 690 similia
664 643 837 690 Tobias
859 654 911 690 ut
935 642 1135 701 audivit,
1160 643 1340 691 ricinos
1364 654 1516 690 astan-

104 734 172 769 tes
199 739 411 769 seorsum
436 722 624 778 ascivit,
651 732 698 768 et
721 721 857 767 brevi
881 738 988 767 usus
1022 720 1285 785 colloquio,
1311 720 1516 767 Francos

104 802 199 847 cito
221 799 432 863 repetiit.
454 800 569 847 ZVon
593 799 777 857 multis,
806 800 987 863 inquit,
1014 816 1134 862 opus
1156 809 1225 844 cst
1241 798 1421 855 verbis,
1450 799 1518 844 in-

104 878 218 941 clyti
234 878 430 932 milites‚·
448 878 649 942 pacifici
664 894 792 923 nunc
811 887 1059 942 expectate
1078 894 1161 922 nos
1181 875 1280 933 lu'c,
1303 875 1519 922 obsecra-

103 973 235 1013 mus,
284 966 328 1000 et
367 973 453 1001 nos
496 956 545 1000 in
591 954 703 1000 urbe
744 965 946 1000 vestrum
985 954 1224 1016 negotium
1266 951 1520 999 salubriter

101 1032 451 1079 exercebimus.
491 1033 574 1078 His
614 1034 673 1077 ita
714 1032 849 1078 dictis
891 1042 938 1078 et
986 1031 1211 1095 utrinque
1256 1030 1514 1089 concessis,

101 1109 241 1172 legati
271 1108 442 1154 urbem
484 1109 811 1165 intraverunt,
846 1118 893 1154 et
926 1107 1222 1154 convicaneis
1256 1106 1373 1163 suis,
1401 1105 1517 1170 quid

100 1184 338 1230 audierint
361 1185 433 1231 vel
469 1185 776 1249 agitaverint,
812 1184 1149 1230 disseruerunt.
1177 1181 1347 1228 Audita
1380 1199 1516 1228 com—

100 1261 310 1307 muniter
342 1260 680 1318 laudaverunt,
707 1272 910 1325 quatuor
932 1261 1182 1324 primarios
1215 1261 1262 1306 in
1287 1260 1513 1323 palatium

99 1338 229 1385 ducis
273 1340 632 1402 praemiserunt,
670 1349 717 1384 et
761 1338 847 1402 ipsi
893 1337 1182 1401 pedetentim
1226 1354 1334 1384 cum
1370 1337 1512 1383 armis

100 1418 337 1479 prosecuti
363 1427 488 1463 sunt.
520 1417 748 1462 Severum
767 1415 960 1472 ducem,
991 1417 1039 1461 in
1068 1415 1171 1461 aula
1191 1415 1415 1478 privatim
1440 1431 1512 1461 se-

100 1493 315 1551 dentem,
351 1495 663 1551 invenerunt,
700 1510 902 1557 eumque
931 1503 1135 1557 quatuor
1162 1492 1345 1555 priores
1375 1508 1511 1538 more

99 1572 239 1618 solito
265 1572 543 1628 salutantes,
567 1570 794 1617 dixerunt
821 1591 830 1615 :
852 1573 1041 1634 Ingenti
1065 1571 1264 1616 consilio
1284 1587 1412 1616 nunc
1437 1573 1511 1615 in-

99 1649 318 1712 digemus
331 1687 345 1707 ,
371 1650 488 1713 quia
507 1666 638 1695 nunc
657 1648 812 1695 hostes
830 1648 979 1694 valde
997 1649 1234 1703 timemus,
1256 1665 1372 1712 quos
1390 1647 1510 1694 ltac-

99 1736 230 1771 tenus
231 1726 373 1785 fidos
395 1725 642 1790 adjutores
668 1724 942 1771 habuimus.
967 1725 1151 1770 Franci
1168 1741 1256 1770 nos
1275 1724 1514 1771 audacter

97 1804 342 1861 obsident,
370 1815 414 1850 et
438 1808 730 1868 impugnare
754 1822 841 1850 nos
866 1805 1096 1849 atrociter
1116 1802 1303 1848 ardent.
1330 1804 1511 1850 Prodi-

97 1893 218 1929 tores
252 1900 340 1929 nos
377 1882 654 1948 appellant,
682 1892 823 1947 atquc
846 1881 915 1927 ad
939 1880 1180 1946 judicium
1208 1880 1424 1926 invitant.
1459 1883 1508 1927 A

96 1960 490 2006 commilitonibus
515 1961 640 2016 suis,
669 1959 729 2005 de
755 1958 915 2006 hostili
937 1969 1059 2004 terra
1082 1957 1197 2002 dum
1218 1968 1504 2015 remearent,

96 2037 267 2083 dicunt
285 2055 335 2084 se
354 2055 454 2084 esse
467 2038 707 2102 proditos,
728 2049 771 2083 et
789 2056 821 2083 a
842 2037 986 2082 sociis
1006 2036 1266 2081 immanius
1285 2052 1431 2097 quam
1444 2035 1506 2081 ab

97 2114 308 2161 lzostibus
329 2116 492 2162 loesos.
521 2116 657 2162 Unde
676 2116 773 2161 nisi
795 2112 1126 2160 rectitudinem
1146 2110 1503 2175 eisfecerimus,

97 2193 240 2238 minis
259 2209 347 2238 nos
373 2203 547 2238 terrent
569 2192 880 2248 terribilibus,
908 2189 1040 2254 quod
1062 2200 1224 2235 contra
1242 2206 1329 2234 nos
1347 2188 1506 2234 addu-

97 2281 203 2316 cent
237 2288 396 2318 omncs
434 2272 605 2336 copias
650 2270 906 2316 christiani
939 2268 1192 2314 exercitus.
1238 2266 1508 2312 Prudenter

98 2348 248 2411 igitur
279 2360 322 2394 et
359 2347 535 2394 utiliter
572 2346 881 2394 tractandum
904 2355 999 2401 est,
1025 2362 1084 2390 ne
1107 2362 1391 2409 pereamus,
1419 2361 1506 2390 nec

97 2424 275 2487 injuste
300 2425 349 2469 in
380 2442 464 2471 nos
499 2423 846 2470 intolerabilem
887 2421 1261 2466 Christianorum
1279 2418 1503 2481 furorem

89 2518 420 2565 provocemus.
458 2502 676 2548 Proditio
709 2504 801 2547 ista
838 2499 971 2546 nobis
1009 2498 1338 2563 ignorantibus
1351 2496 1504 2560 sacta

96 2591 185 2637 est,
221 2580 523 2645 celeriterque
555 2592 738 2627 tantum
765 2577 902 2642 nefas
922 2577 1220 2642 puniendum
1254 2587 1337 2621 est.
1369 2576 1505 2621 Unde

97 2659 341 2703 communi
372 2659 546 2706 civium
578 2657 811 2705 sententia
838 2665 1057 2702 censetur
1087 2665 1135 2700 ut
1165 2653 1301 2717 infidi
1327 2652 1503 2717 prodi-

100 2745 222 2782 tores
247 2735 515 2783 secundum
536 2739 725 2800 priscas
762 2734 886 2796 leges
920 2733 1141 2779 atrociter
1152 2734 1433 2796 puniantur,
1460 2742 1502 2776 et
