<?xml version="1.0" encoding="UTF-8"?>
<!DOCTYPE html PUBLIC "-//W3C//DTD XHTML 1.0 Transitional//EN"
    "http://www.w3.org/TR/xhtml1/DTD/xhtml1-transitional.dtd">
<html xmlns="http://www.w3.org/1999/xhtml" xml:lang="en" lang="en">
 <head>
  <title>
</title>
<meta http-equiv="Content-Type" content="text/html;charset=utf-8" />
  <meta name='ocr-system' content='tesseract 3.04.00' />
  <meta name='ocr-capabilities' content='ocr_page ocr_carea ocr_par ocr_line ocrx_word'/>
</head>
<body>
  <div class='ocr_page' id='page_1' title='image "./ordericivitalish03ordeuoft/ordericivitalish03ordeuoft_0375.png"; bbox 0 0 2033 3445; ppageno 0'>
   <div class='ocr_carea' id='block_1_1' title="bbox 43 336 1458 392">
    <p class='ocr_par' dir='ltr' id='par_1_1' title="bbox 43 336 1458 392">
     <span class='ocr_line' id='line_1_1' title="bbox 43 336 1458 392; baseline -0.009 -12"><span class='ocrx_word' id='word_1_1' title='bbox 43 342 178 392; x_wconf 83' lang='lat'><em>[1088]</em></span> <span class='ocrx_word' id='word_1_2' title='bbox 533 337 687 376; x_wconf 78' lang='lat' dir='ltr'>LIBER</span> <span class='ocrx_word' id='word_1_3' title='bbox 715 336 959 375; x_wconf 81' lang='lat' dir='ltr'><strong>ocTAst.</strong></span> <span class='ocrx_word' id='word_1_4' title='bbox 1379 342 1458 378; x_wconf 71' lang='lat'><strong>299</strong></span> 
     </span>
    </p>
   </div>
   <div class='ocr_carea' id='block_1_2' title="bbox 34 423 1462 2582">
    <p class='ocr_par' dir='ltr' id='par_1_2' title="bbox 37 423 1461 955">
     <span class='ocr_line' id='line_1_2' title="bbox 39 423 1459 487; baseline -0.002 -13"><span class='ocrx_word' id='word_1_5' title='bbox 39 427 228 475; x_wconf 80' lang='lat' dir='ltr'>Domini</span> <span class='ocrx_word' id='word_1_6' title='bbox 251 425 456 472; x_wconf 79' lang='lat' dir='ltr'>Sabaoth</span> <span class='ocrx_word' id='word_1_7' title='bbox 479 424 843 479; x_wconf 83' lang='lat' dir='ltr'><strong>laboraverunt,</strong></span> <span class='ocrx_word' id='word_1_8' title='bbox 866 439 1076 486; x_wconf 85' lang='lat' dir='ltr'><strong>quorum</strong></span> <span class='ocrx_word' id='word_1_9' title='bbox 1097 423 1278 486; x_wconf 87' lang='lat' dir='ltr'><strong>lapidea</strong></span> <span class='ocrx_word' id='word_1_10' title='bbox 1301 426 1459 487; x_wconf 89' lang='lat' dir='ltr'><strong>sepul-</strong></span> 
     </span>
     <span class='ocr_line' id='line_1_3' title="bbox 42 498 1459 566; baseline -0.003 -16"><span class='ocrx_word' id='word_1_11' title='bbox 42 522 118 551; x_wconf 88' lang='lat' dir='ltr'><strong>cra</strong></span> <span class='ocrx_word' id='word_1_12' title='bbox 138 502 291 566; x_wconf 85' lang='lat' dir='ltr'><strong>palam</strong></span> <span class='ocrx_word' id='word_1_13' title='bbox 308 499 672 548; x_wconf 77' lang='lat' dir='ltr'>adventantibus</span> <span class='ocrx_word' id='word_1_14' title='bbox 696 500 821 545; x_wconf 89' lang='lat' dir='ltr'><strong>inter</strong></span> <span class='ocrx_word' id='word_1_15' title='bbox 843 498 1086 545; x_wconf 80' lang='lat' dir='ltr'>basilicam</span> <span class='ocrx_word' id='word_1_16' title='bbox 1110 510 1156 545; x_wconf 89' lang='lat' dir='ltr'><strong>et</strong></span> <span class='ocrx_word' id='word_1_17' title='bbox 1182 500 1231 545; x_wconf 91' lang='lat' dir='ltr'><strong>in</strong></span> <span class='ocrx_word' id='word_1_18' title='bbox 1256 499 1459 546; x_wconf 84' lang='lat' dir='ltr'><strong>circuitu</strong></span> 
     </span>
     <span class='ocr_line' id='line_1_4' title="bbox 40 578 1460 648; baseline -0.004 -19"><span class='ocrx_word' id='word_1_19' title='bbox 40 583 133 648; x_wconf 89' lang='lat' dir='ltr'><strong>ejus</strong></span> <span class='ocrx_word' id='word_1_20' title='bbox 157 580 427 627; x_wconf 86' lang='lat' dir='ltr'><strong>testimonio</strong></span> <span class='ocrx_word' id='word_1_21' title='bbox 446 589 582 635; x_wconf 88' lang='lat' dir='ltr'><strong>sunt,</strong></span> <span class='ocrx_word' id='word_1_22' title='bbox 613 578 742 642; x_wconf 86' lang='lat' dir='ltr'><strong>cujus</strong></span> <span class='ocrx_word' id='word_1_23' title='bbox 758 578 918 624; x_wconf 89' lang='lat' dir='ltr'><strong>meriti</strong></span> <span class='ocrx_word' id='word_1_24' title='bbox 941 588 987 624; x_wconf 88' lang='lat' dir='ltr'><strong>et</strong></span> <span class='ocrx_word' id='word_1_25' title='bbox 1003 578 1284 624; x_wconf 82' lang='lat' dir='ltr'><strong>reverentiae</strong></span> <span class='ocrx_word' id='word_1_26' title='bbox 1309 578 1460 625; x_wconf 90' lang='lat' dir='ltr'><strong>homi-</strong></span> 
     </span>
     <span class='ocr_line' id='line_1_5' title="bbox 40 655 1459 721; baseline -0.003 -15"><span class='ocrx_word' id='word_1_27' title='bbox 40 675 119 706; x_wconf 88' lang='lat' dir='ltr'><strong>nes</strong></span> <span class='ocrx_word' id='word_1_28' title='bbox 142 657 258 704; x_wconf 86' lang='lat' dir='ltr'><strong>inibi</strong></span> <span class='ocrx_word' id='word_1_29' title='bbox 290 657 607 721; x_wconf 80' lang='lat' dir='ltr'><strong>requiescant.</strong></span> <span class='ocrx_word' id='word_1_30' title='bbox 634 656 824 702; x_wconf 80' lang='lat' dir='ltr'><strong>Scelesti</strong></span> <span class='ocrx_word' id='word_1_31' title='bbox 849 673 963 720; x_wconf 80' lang='lat' dir='ltr'><strong>ergo</strong></span> <span class='ocrx_word' id='word_1_32' title='bbox 989 655 1277 703; x_wconf 72' lang='lat' dir='ltr'><strong>habitatores</strong></span> <span class='ocrx_word' id='word_1_33' title='bbox 1309 656 1459 702; x_wconf 75' lang='lat' dir='ltr'><strong>muita</strong></span> 
     </span>
     <span class='ocr_line' id='line_1_6' title="bbox 41 733 1461 798; baseline -0.003 -14"><span class='ocrx_word' id='word_1_34' title='bbox 41 734 294 783; x_wconf 80' lang='lat' dir='ltr'><strong>infortunia</strong></span> <span class='ocrx_word' id='word_1_35' title='bbox 318 735 492 782; x_wconf 86' lang='lat' dir='ltr'><strong>merito</strong></span> <span class='ocrx_word' id='word_1_36' title='bbox 529 734 738 798; x_wconf 83' lang='lat' dir='ltr'><strong>perpessi</strong></span> <span class='ocrx_word' id='word_1_37' title='bbox 765 744 902 790; x_wconf 86' lang='lat' dir='ltr'><strong>sunt,</strong></span> <span class='ocrx_word' id='word_1_38' title='bbox 932 744 978 780; x_wconf 81' lang='lat' dir='ltr'><strong>et</strong></span> <span class='ocrx_word' id='word_1_39' title='bbox 1012 733 1218 780; x_wconf 82' lang='lat' dir='ltr'><strong>caedibus</strong></span> <span class='ocrx_word' id='word_1_40' title='bbox 1243 751 1296 780; x_wconf 91' lang='lat' dir='ltr'><strong>ae</strong></span> <span class='ocrx_word' id='word_1_41' title='bbox 1323 751 1461 780; x_wconf 88' lang='lat' dir='ltr'><strong>eom-</strong></span> 
     </span>
     <span class='ocr_line' id='line_1_7' title="bbox 38 811 1460 876; baseline -0.003 -16"><span class='ocrx_word' id='word_1_42' title='bbox 38 812 332 860; x_wconf 87' lang='lat' dir='ltr'><strong>bustionibus</strong></span> <span class='ocrx_word' id='word_1_43' title='bbox 345 849 358 870; x_wconf 91' lang='lat'><strong>,</strong></span> <span class='ocrx_word' id='word_1_44' title='bbox 381 811 772 876; x_wconf 82' lang='lat' dir='ltr'><strong>multimodisque</strong></span> <span class='ocrx_word' id='word_1_45' title='bbox 793 812 1024 876; x_wconf 84' lang='lat' dir='ltr'><strong>pressuris</strong></span> <span class='ocrx_word' id='word_1_46' title='bbox 1046 829 1098 858; x_wconf 91' lang='lat' dir='ltr'><strong>ac</strong></span> <span class='ocrx_word' id='word_1_47' title='bbox 1116 811 1460 876; x_wconf 84' lang='lat' dir='ltr'><strong>dejectionibus</strong></span> 
     </span>
     <span class='ocr_line' id='line_1_8' title="bbox 37 890 636 955; baseline -0.003 -17"><span class='ocrx_word' id='word_1_48' title='bbox 37 892 307 955; x_wconf 75' lang='lat' dir='ltr'><strong>frequenter</strong></span> <span class='ocrx_word' id='word_1_49' title='bbox 334 890 490 936; x_wconf 88' lang='lat' dir='ltr'><strong>afflicti</strong></span> <span class='ocrx_word' id='word_1_50' title='bbox 509 900 636 936; x_wconf 90' lang='lat' dir='ltr'><strong>sunt.</strong></span> 
     </span>
    </p>

    <p class='ocr_par' dir='ltr' id='par_1_3' title="bbox 36 966 1461 1573">
     <span class='ocr_line' id='line_1_9' title="bbox 99 966 1461 1032; baseline 0.001 -19"><span class='ocrx_word' id='word_1_51' title='bbox 99 968 360 1031; x_wconf 87' lang='lat' dir='ltr'><strong>Municipes</strong></span> <span class='ocrx_word' id='word_1_52' title='bbox 393 966 667 1014; x_wconf 88' lang='lat' dir='ltr'><strong>Aleneionis</strong></span> <span class='ocrx_word' id='word_1_53' title='bbox 691 978 737 1014; x_wconf 88' lang='lat' dir='ltr'><strong>et</strong></span> <span class='ocrx_word' id='word_1_54' title='bbox 759 967 1003 1024; x_wconf 86' lang='lat' dir='ltr'><strong>Bellesmi,</strong></span> <span class='ocrx_word' id='word_1_55' title='bbox 1033 968 1328 1032; x_wconf 83' lang='lat' dir='ltr'><strong>aliarumque</strong></span> <span class='ocrx_word' id='word_1_56' title='bbox 1350 985 1461 1014; x_wconf 90' lang='lat' dir='ltr'><strong>mu-</strong></span> 
     </span>
     <span class='ocr_line' id='line_1_10' title="bbox 39 1043 1460 1110; baseline -0.001 -17"><span class='ocrx_word' id='word_1_57' title='bbox 39 1046 292 1102; x_wconf 88' lang='lat' dir='ltr'><strong>nitionum,</strong></span> <span class='ocrx_word' id='word_1_58' title='bbox 315 1056 368 1091; x_wconf 92' lang='lat' dir='ltr'><strong>ut</strong></span> <span class='ocrx_word' id='word_1_59' title='bbox 380 1043 633 1091; x_wconf 84' lang='lat' dir='ltr'><strong>audierunt</strong></span> <span class='ocrx_word' id='word_1_60' title='bbox 648 1063 791 1110; x_wconf 85' lang='lat' dir='ltr'><strong>quam</strong></span> <span class='ocrx_word' id='word_1_61' title='bbox 805 1046 926 1092; x_wconf 88' lang='lat' dir='ltr'><strong>male</strong></span> <span class='ocrx_word' id='word_1_62' title='bbox 942 1046 1199 1110; x_wconf 78' lang='lat' dir='ltr'><strong>contigerit</strong></span> <span class='ocrx_word' id='word_1_63' title='bbox 1213 1045 1460 1092; x_wconf 89' lang='lat' dir='ltr'><strong>Rodberto</strong></span> 
     </span>
     <span class='ocr_line' id='line_1_11' title="bbox 38 1120 1461 1186; baseline 0 -19"><span class='ocrx_word' id='word_1_64' title='bbox 38 1120 313 1182; x_wconf 85' lang='lat' dir='ltr'><strong>Quadrello,</strong></span> <span class='ocrx_word' id='word_1_65' title='bbox 334 1132 381 1167; x_wconf 87' lang='lat' dir='ltr'><strong>et</strong></span> <span class='ocrx_word' id='word_1_66' title='bbox 405 1121 720 1185; x_wconf 86' lang='lat' dir='ltr'><strong>complicibus</strong></span> <span class='ocrx_word' id='word_1_67' title='bbox 748 1122 828 1186; x_wconf 85' lang='lat' dir='ltr'><strong>qui</strong></span> <span class='ocrx_word' id='word_1_68' title='bbox 855 1140 964 1168; x_wconf 89' lang='lat' dir='ltr'><strong>eum</strong></span> <span class='ocrx_word' id='word_1_69' title='bbox 996 1139 1052 1168; x_wconf 91' lang='lat' dir='ltr'><strong>eo</strong></span> <span class='ocrx_word' id='word_1_70' title='bbox 1084 1124 1297 1177; x_wconf 71' lang='lat' dir='ltr'><strong>fuerant,</strong></span> <span class='ocrx_word' id='word_1_71' title='bbox 1326 1120 1461 1168; x_wconf 75' lang='lat' dir='ltr'><strong>valde</strong></span> 
     </span>
     <span class='ocr_line' id='line_1_12' title="bbox 38 1198 1461 1256; baseline -0.001 -11"><span class='ocrx_word' id='word_1_72' title='bbox 38 1199 190 1246; x_wconf 85' lang='lat' dir='ltr'><strong>territi</strong></span> <span class='ocrx_word' id='word_1_73' title='bbox 225 1209 360 1256; x_wconf 91' lang='lat' dir='ltr'><strong>sunt,</strong></span> <span class='ocrx_word' id='word_1_74' title='bbox 399 1209 445 1245; x_wconf 88' lang='lat' dir='ltr'><strong>et</strong></span> <span class='ocrx_word' id='word_1_75' title='bbox 476 1210 530 1244; x_wconf 90' lang='lat' dir='ltr'><strong>ut</strong></span> <span class='ocrx_word' id='word_1_76' title='bbox 564 1198 746 1245; x_wconf 82' lang='lat' dir='ltr'><strong>debitas</strong></span> <span class='ocrx_word' id='word_1_77' title='bbox 783 1200 992 1245; x_wconf 80' lang='lat' dir='ltr'><strong>venienti</strong></span> <span class='ocrx_word' id='word_1_78' title='bbox 1026 1199 1133 1245; x_wconf 90' lang='lat' dir='ltr'><strong>duci</strong></span> <span class='ocrx_word' id='word_1_79' title='bbox 1169 1199 1461 1245; x_wconf 83' lang='lat' dir='ltr'><strong>munitiones</strong></span> 
     </span>
     <span class='ocr_line' id='line_1_13' title="bbox 36 1274 1460 1333; baseline -0.001 -11"><span class='ocrx_word' id='word_1_80' title='bbox 36 1274 311 1333; x_wconf 81' lang='lat' dir='ltr'><strong>redderent,</strong></span> <span class='ocrx_word' id='word_1_81' title='bbox 335 1276 589 1322; x_wconf 89' lang='lat' dir='ltr'><strong>consilium</strong></span> <span class='ocrx_word' id='word_1_82' title='bbox 612 1276 841 1322; x_wconf 88' lang='lat' dir='ltr'><strong>inierunt.</strong></span> <span class='ocrx_word' id='word_1_83' title='bbox 863 1275 1044 1323; x_wconf 86' lang='lat' dir='ltr'><strong>Verum</strong></span> <span class='ocrx_word' id='word_1_84' title='bbox 1070 1275 1339 1322; x_wconf 80' lang='lat' dir='ltr'><strong>Rodbertus</strong></span> <span class='ocrx_word' id='word_1_85' title='bbox 1365 1275 1460 1322; x_wconf 86' lang='lat' dir='ltr'><strong>dux</strong></span> 
     </span>
     <span class='ocr_line' id='line_1_14' title="bbox 37 1351 1461 1415; baseline 0 -17"><span class='ocrx_word' id='word_1_86' title='bbox 37 1351 94 1398; x_wconf 86' lang='lat' dir='ltr'><strong>ab</strong></span> <span class='ocrx_word' id='word_1_87' title='bbox 119 1352 328 1415; x_wconf 84' lang='lat' dir='ltr'><strong>incoepta</strong></span> <span class='ocrx_word' id='word_1_88' title='bbox 359 1353 539 1398; x_wconf 79' lang='lat' dir='ltr'><strong>virtute</strong></span> <span class='ocrx_word' id='word_1_89' title='bbox 574 1354 669 1399; x_wconf 89' lang='lat' dir='ltr'><strong>cito</strong></span> <span class='ocrx_word' id='word_1_90' title='bbox 704 1352 899 1410; x_wconf 80' lang='lat' dir='ltr'><strong>defecit,</strong></span> <span class='ocrx_word' id='word_1_91' title='bbox 935 1364 981 1399; x_wconf 92' lang='lat' dir='ltr'><strong>et</strong></span> <span class='ocrx_word' id='word_1_92' title='bbox 1014 1353 1214 1399; x_wconf 84' lang='lat' dir='ltr'><strong>mollitie</strong></span> <span class='ocrx_word' id='word_1_93' title='bbox 1239 1352 1461 1399; x_wconf 78' lang='lat' dir='ltr'><strong>suadente</strong></span> 
     </span>
     <span class='ocr_line' id='line_1_15' title="bbox 38 1429 1461 1496; baseline -0.001 -19"><span class='ocrx_word' id='word_1_94' title='bbox 38 1429 92 1478; x_wconf 88' lang='lat' dir='ltr'><strong>ad</strong></span> <span class='ocrx_word' id='word_1_95' title='bbox 123 1441 300 1478; x_wconf 88' lang='lat' dir='ltr'><strong>tectum</strong></span> <span class='ocrx_word' id='word_1_96' title='bbox 335 1442 381 1477; x_wconf 88' lang='lat' dir='ltr'><strong>et</strong></span> <span class='ocrx_word' id='word_1_97' title='bbox 411 1432 621 1496; x_wconf 82' lang='lat' dir='ltr'><strong>quietem</strong></span> <span class='ocrx_word' id='word_1_98' title='bbox 654 1431 788 1478; x_wconf 73' lang='lat' dir='ltr'><strong>avide</strong></span> <span class='ocrx_word' id='word_1_99' title='bbox 823 1432 1058 1487; x_wconf 78' lang='lat' dir='ltr'><strong>recurrit,</strong></span> <span class='ocrx_word' id='word_1_100' title='bbox 1104 1431 1461 1496; x_wconf 82' lang='lat' dir='ltr'><strong>exercitumque</strong></span> 
     </span>
     <span class='ocr_line' id='line_1_16' title="bbox 37 1508 1193 1573; baseline -0.001 -19"><span class='ocrx_word' id='word_1_101' title='bbox 37 1525 197 1565; x_wconf 89' lang='lat' dir='ltr'><strong>suum,</strong></span> <span class='ocrx_word' id='word_1_102' title='bbox 219 1520 271 1554; x_wconf 91' lang='lat' dir='ltr'><strong>ut</strong></span> <span class='ocrx_word' id='word_1_103' title='bbox 293 1509 492 1573; x_wconf 83' lang='lat' dir='ltr'><strong>quisque</strong></span> <span class='ocrx_word' id='word_1_104' title='bbox 513 1508 570 1554; x_wconf 89' lang='lat' dir='ltr'><strong>ad</strong></span> <span class='ocrx_word' id='word_1_105' title='bbox 589 1527 667 1554; x_wconf 89' lang='lat' dir='ltr'><strong>sua</strong></span> <span class='ocrx_word' id='word_1_106' title='bbox 693 1509 971 1572; x_wconf 79' lang='lat' dir='ltr'><strong>repedaret,</strong></span> <span class='ocrx_word' id='word_1_107' title='bbox 998 1508 1193 1553; x_wconf 83' lang='lat' dir='ltr'><strong>dimisit.</strong></span> 
     </span>
    </p>

    <p class='ocr_par' dir='ltr' id='par_1_4' title="bbox 34 1585 1462 2582">
     <span class='ocr_line' id='line_1_17' title="bbox 97 1585 1461 1651; baseline -0.001 -20"><span class='ocrx_word' id='word_1_108' title='bbox 97 1586 328 1649; x_wconf 83' lang='lat' dir='ltr'><strong>Rogerius</strong></span> <span class='ocrx_word' id='word_1_109' title='bbox 344 1587 487 1650; x_wconf 78' lang='lat' dir='ltr'><strong>igitur</strong></span> <span class='ocrx_word' id='word_1_110' title='bbox 501 1603 673 1643; x_wconf 86' lang='lat' dir='ltr'><strong>comes,</strong></span> <span class='ocrx_word' id='word_1_111' title='bbox 692 1586 928 1633; x_wconf 83' lang='lat' dir='ltr'><strong>dissolutis</strong></span> <span class='ocrx_word' id='word_1_112' title='bbox 943 1585 1213 1651; x_wconf 76' lang='lat' dir='ltr'><strong>agminibus</strong></span> <span class='ocrx_word' id='word_1_113' title='bbox 1225 1585 1461 1632; x_wconf 77' lang='lat' dir='ltr'><strong>Norman-</strong></span> 
     </span>
     <span class='ocr_line' id='line_1_18' title="bbox 36 1664 1462 1729; baseline -0.001 -19"><span class='ocrx_word' id='word_1_114' title='bbox 36 1681 208 1711; x_wconf 86' lang='lat' dir='ltr'><strong>norum</strong></span> <span class='ocrx_word' id='word_1_115' title='bbox 240 1675 381 1729; x_wconf 85' lang='lat' dir='ltr'><strong>atque</strong></span> <span class='ocrx_word' id='word_1_116' title='bbox 413 1664 904 1719; x_wconf 76' lang='lat' dir='ltr'><strong>cenomannensium,</strong></span> <span class='ocrx_word' id='word_1_117' title='bbox 942 1665 1125 1728; x_wconf 68' lang='lat' dir='ltr'><strong>gavisus</strong></span> <span class='ocrx_word' id='word_1_118' title='bbox 1160 1676 1252 1721; x_wconf 89' lang='lat' dir='ltr'><strong>est,</strong></span> <span class='ocrx_word' id='word_1_119' title='bbox 1293 1674 1339 1710; x_wconf 88' lang='lat' dir='ltr'><strong>et</strong></span> <span class='ocrx_word' id='word_1_120' title='bbox 1378 1680 1462 1726; x_wconf 89' lang='lat' dir='ltr'><strong>per</strong></span> 
     </span>
     <span class='ocr_line' id='line_1_19' title="bbox 37 1740 1461 1807; baseline -0.001 -19"><span class='ocrx_word' id='word_1_121' title='bbox 37 1740 210 1789; x_wconf 87' lang='lat' dir='ltr'><strong>dicaces</strong></span> <span class='ocrx_word' id='word_1_122' title='bbox 230 1742 408 1807; x_wconf 75' lang='lat' dir='ltr'><strong>legatos</strong></span> <span class='ocrx_word' id='word_1_123' title='bbox 428 1761 450 1788; x_wconf 88' lang='lat' dir='ltr'><strong>a</strong></span> <span class='ocrx_word' id='word_1_124' title='bbox 469 1741 586 1789; x_wconf 86' lang='lat' dir='ltr'><strong>duce</strong></span> <span class='ocrx_word' id='word_1_125' title='bbox 607 1760 771 1805; x_wconf 82' lang='lat' dir='ltr'><strong>pacem</strong></span> <span class='ocrx_word' id='word_1_126' title='bbox 786 1779 796 1798; x_wconf 93' lang='lat'><strong>,</strong></span> <span class='ocrx_word' id='word_1_127' title='bbox 819 1742 996 1807; x_wconf 84' lang='lat' dir='ltr'><strong>filiique</strong></span> <span class='ocrx_word' id='word_1_128' title='bbox 1016 1743 1084 1788; x_wconf 82' lang='lat' dir='ltr'><strong>sui</strong></span> <span class='ocrx_word' id='word_1_129' title='bbox 1111 1742 1461 1788; x_wconf 86' lang='lat' dir='ltr'><strong>absolutionem</strong></span> 
     </span>
     <span class='ocr_line' id='line_1_20' title="bbox 35 1818 1459 1883; baseline -0.001 -18"><span class='ocrx_word' id='word_1_130' title='bbox 35 1820 302 1883; x_wconf 83' lang='lat' dir='ltr'><strong>postulans,</strong></span> <span class='ocrx_word' id='word_1_131' title='bbox 333 1820 482 1865; x_wconf 73' lang='lat' dir='ltr'><strong>multa</strong></span> <span class='ocrx_word' id='word_1_132' title='bbox 505 1821 619 1866; x_wconf 78' lang='lat' dir='ltr'><strong>salso</strong></span> <span class='ocrx_word' id='word_1_133' title='bbox 646 1821 885 1882; x_wconf 68' lang='lat' dir='ltr'><strong>pollicitus</strong></span> <span class='ocrx_word' id='word_1_134' title='bbox 919 1831 1004 1865; x_wconf 78' lang='lat' dir='ltr'><strong>cst.</strong></span> <span class='ocrx_word' id='word_1_135' title='bbox 1039 1821 1143 1864; x_wconf 78' lang='lat' dir='ltr'><strong>Dux</strong></span> <span class='ocrx_word' id='word_1_136' title='bbox 1169 1830 1350 1876; x_wconf 88' lang='lat' dir='ltr'><strong>autem,</strong></span> <span class='ocrx_word' id='word_1_137' title='bbox 1378 1818 1459 1882; x_wconf 79' lang='lat' dir='ltr'><strong>qui</strong></span> 
     </span>
     <span class='ocr_line' id='line_1_21' title="bbox 37 1895 1461 1962; baseline -0.002 -18"><span class='ocrx_word' id='word_1_138' title='bbox 37 1897 326 1962; x_wconf 84' lang='lat' dir='ltr'><strong>improvidus</strong></span> <span class='ocrx_word' id='word_1_139' title='bbox 360 1909 461 1944; x_wconf 88' lang='lat' dir='ltr'><strong>erat</strong></span> <span class='ocrx_word' id='word_1_140' title='bbox 497 1909 544 1944; x_wconf 89' lang='lat' dir='ltr'><strong>et</strong></span> <span class='ocrx_word' id='word_1_141' title='bbox 587 1898 843 1955; x_wconf 82' lang='lat' dir='ltr'><strong>instabilis,</strong></span> <span class='ocrx_word' id='word_1_142' title='bbox 880 1897 937 1943; x_wconf 87' lang='lat' dir='ltr'><strong>ad</strong></span> <span class='ocrx_word' id='word_1_143' title='bbox 982 1899 1163 1960; x_wconf 78' lang='lat' dir='ltr'><strong>lapsum</strong></span> <span class='ocrx_word' id='word_1_144' title='bbox 1203 1898 1376 1953; x_wconf 71' lang='lat' dir='ltr'><strong>facilis,</strong></span> <span class='ocrx_word' id='word_1_145' title='bbox 1404 1895 1461 1941; x_wconf 88' lang='lat' dir='ltr'><strong>ad</strong></span> 
     </span>
     <span class='ocr_line' id='line_1_22' title="bbox 37 1975 1461 2040; baseline -0.001 -18"><span class='ocrx_word' id='word_1_146' title='bbox 37 1976 291 2022; x_wconf 88' lang='lat' dir='ltr'><strong>tenendum</strong></span> <span class='ocrx_word' id='word_1_147' title='bbox 324 1977 518 2040; x_wconf 83' lang='lat' dir='ltr'><strong>justitiae</strong></span> <span class='ocrx_word' id='word_1_148' title='bbox 548 1977 759 2040; x_wconf 71' lang='lat' dir='ltr'><strong>rigorem</strong></span> <span class='ocrx_word' id='word_1_149' title='bbox 784 1977 968 2032; x_wconf 81' lang='lat' dir='ltr'><strong>mollis,</strong></span> <span class='ocrx_word' id='word_1_150' title='bbox 1003 1993 1058 2021; x_wconf 82' lang='lat' dir='ltr'><strong>ex</strong></span> <span class='ocrx_word' id='word_1_151' title='bbox 1097 1977 1334 2039; x_wconf 82' lang='lat' dir='ltr'><strong>insperato</strong></span> <span class='ocrx_word' id='word_1_152' title='bbox 1368 1975 1461 2020; x_wconf 80' lang='lat' dir='ltr'><strong>sri—</strong></span> 
     </span>
     <span class='ocr_line' id='line_1_23' title="bbox 37 2053 1459 2118; baseline -0.002 -18"><span class='ocrx_word' id='word_1_153' title='bbox 37 2053 150 2100; x_wconf 88' lang='lat' dir='ltr'><strong>volis</strong></span> <span class='ocrx_word' id='word_1_154' title='bbox 182 2053 483 2117; x_wconf 83' lang='lat' dir='ltr'><strong>pactionibus</strong></span> <span class='ocrx_word' id='word_1_155' title='bbox 523 2053 782 2100; x_wconf 82' lang='lat' dir='ltr'><strong>infidorum</strong></span> <span class='ocrx_word' id='word_1_156' title='bbox 818 2053 1080 2118; x_wconf 77' lang='lat' dir='ltr'><strong>adquievit,</strong></span> <span class='ocrx_word' id='word_1_157' title='bbox 1121 2065 1167 2099; x_wconf 85' lang='lat' dir='ltr'><strong>et</strong></span> <span class='ocrx_word' id='word_1_158' title='bbox 1206 2070 1316 2117; x_wconf 83' lang='lat' dir='ltr'><strong>pace</strong></span> <span class='ocrx_word' id='word_1_159' title='bbox 1343 2053 1459 2098; x_wconf 72' lang='lat' dir='ltr'><strong>sacta</strong></span> 
     </span>
     <span class='ocr_line' id='line_1_24' title="bbox 34 2128 1461 2194; baseline -0.001 -19"><span class='ocrx_word' id='word_1_160' title='bbox 34 2128 238 2194; x_wconf 80' lang='lat' dir='ltr'><strong>Rogerio</strong></span> <span class='ocrx_word' id='word_1_161' title='bbox 257 2131 418 2177; x_wconf 84' lang='lat' dir='ltr'><strong>comiti</strong></span> <span class='ocrx_word' id='word_1_162' title='bbox 442 2131 586 2194; x_wconf 83' lang='lat' dir='ltr'><strong>petita</strong></span> <span class='ocrx_word' id='word_1_163' title='bbox 608 2131 858 2187; x_wconf 81' lang='lat' dir='ltr'><strong>concessit,</strong></span> <span class='ocrx_word' id='word_1_164' title='bbox 882 2142 1023 2194; x_wconf 74' lang='lat' dir='ltr'><strong>atquc</strong></span> <span class='ocrx_word' id='word_1_165' title='bbox 1046 2129 1347 2176; x_wconf 73' lang='lat' dir='ltr'><strong>Rodbcrtum</strong></span> <span class='ocrx_word' id='word_1_166' title='bbox 1368 2130 1461 2174; x_wconf 87' lang='lat' dir='ltr'><strong>Be-</strong></span> 
     </span>
     <span class='ocr_line' id='line_1_25' title="bbox 37 2205 1461 2271; baseline -0.001 -19"><span class='ocrx_word' id='word_1_167' title='bbox 37 2205 311 2254; x_wconf 86' lang='lat' dir='ltr'><strong>lesmensem</strong></span> <span class='ocrx_word' id='word_1_168' title='bbox 335 2225 356 2253; x_wconf 88' lang='lat' dir='ltr'><strong>a</strong></span> <span class='ocrx_word' id='word_1_169' title='bbox 389 2208 592 2254; x_wconf 82' lang='lat' dir='ltr'><strong>vinculis</strong></span> <span class='ocrx_word' id='word_1_170' title='bbox 615 2207 834 2254; x_wconf 78' lang='lat' dir='ltr'><strong>absolvit.</strong></span> <span class='ocrx_word' id='word_1_171' title='bbox 867 2209 947 2254; x_wconf 81' lang='lat' dir='ltr'><strong>Ille</strong></span> <span class='ocrx_word' id='word_1_172' title='bbox 975 2226 1090 2254; x_wconf 49' lang='lat' dir='ltr'><strong>tero</strong></span> <span class='ocrx_word' id='word_1_173' title='bbox 1111 2209 1208 2271; x_wconf 83' lang='lat' dir='ltr'><strong>jam</strong></span> <span class='ocrx_word' id='word_1_174' title='bbox 1238 2206 1461 2252; x_wconf 82' lang='lat' dir='ltr'><strong>liberatus</strong></span> 
     </span>
     <span class='ocr_line' id='line_1_26' title="bbox 38 2283 1458 2350; baseline 0 -21"><span class='ocrx_word' id='word_1_175' title='bbox 38 2283 288 2343; x_wconf 86' lang='lat' dir='ltr'><strong>intumuit,</strong></span> <span class='ocrx_word' id='word_1_176' title='bbox 315 2286 438 2349; x_wconf 82' lang='lat' dir='ltr'><strong>jussa</strong></span> <span class='ocrx_word' id='word_1_177' title='bbox 464 2285 593 2331; x_wconf 80' lang='lat' dir='ltr'><strong>ducis</strong></span> <span class='ocrx_word' id='word_1_178' title='bbox 618 2296 758 2350; x_wconf 73' lang='lat' dir='ltr'><strong>atque</strong></span> <span class='ocrx_word' id='word_1_179' title='bbox 783 2287 935 2331; x_wconf 67' lang='lat' dir='ltr'><strong>mittas</strong></span> <span class='ocrx_word' id='word_1_180' title='bbox 968 2287 1122 2331; x_wconf 68' lang='lat' dir='ltr'><strong>minus</strong></span> <span class='ocrx_word' id='word_1_181' title='bbox 1148 2285 1458 2349; x_wconf 76' lang='lat' dir='ltr'><strong>appretiavit,</strong></span> 
     </span>
     <span class='ocr_line' id='line_1_27' title="bbox 37 2362 1461 2428; baseline -0.001 -20"><span class='ocrx_word' id='word_1_182' title='bbox 37 2365 377 2428; x_wconf 85' lang='lat' dir='ltr'><strong>praesentisque</strong></span> <span class='ocrx_word' id='word_1_183' title='bbox 404 2365 472 2427; x_wconf 72' lang='grc' dir='ltr'><strong>(ι)</strong></span> <span class='ocrx_word' id='word_1_184' title='bbox 500 2382 684 2410; x_wconf 86' lang='lat' dir='ltr'><strong>memor</strong></span> <span class='ocrx_word' id='word_1_185' title='bbox 715 2365 899 2427; x_wconf 65' lang='lat' dir='ltr'><strong>injuriae</strong></span> <span class='ocrx_word' id='word_1_186' title='bbox 917 2401 928 2421; x_wconf 89' lang='lat'><strong>,</strong></span> <span class='ocrx_word' id='word_1_187' title='bbox 955 2364 1189 2410; x_wconf 80' lang='lat' dir='ltr'><strong>diutinam</strong></span> <span class='ocrx_word' id='word_1_188' title='bbox 1216 2362 1461 2426; x_wconf 86' lang='lat' dir='ltr'><strong>multipli-</strong></span> 
     </span>
     <span class='ocr_line' id='line_1_28' title="bbox 40 2440 1460 2505; baseline -0.001 -19"><span class='ocrx_word' id='word_1_189' title='bbox 40 2456 232 2505; x_wconf 86' lang='lat' dir='ltr'><strong>cemque</strong></span> <span class='ocrx_word' id='word_1_190' title='bbox 263 2441 523 2488; x_wconf 64' lang='lat' dir='ltr'><strong>vindictam</strong></span> <span class='ocrx_word' id='word_1_191' title='bbox 559 2443 787 2488; x_wconf 81' lang='lat' dir='ltr'><strong>exercuit.</strong></span> <span class='ocrx_word' id='word_1_192' title='bbox 819 2442 937 2487; x_wconf 63' lang='lat' dir='ltr'><strong>Diam</strong></span> <span class='ocrx_word' id='word_1_193' title='bbox 961 2458 1042 2505; x_wconf 83' lang='lat' dir='ltr'><strong>per</strong></span> <span class='ocrx_word' id='word_1_194' title='bbox 1068 2458 1131 2487; x_wconf 79' lang='lat' dir='ltr'><strong>xv</strong></span> <span class='ocrx_word' id='word_1_195' title='bbox 1157 2458 1331 2496; x_wconf 87' lang='lat' dir='ltr'><strong>annos,</strong></span> <span class='ocrx_word' id='word_1_196' title='bbox 1355 2440 1460 2504; x_wconf 84' lang='lat' dir='ltr'><strong>qui-</strong></span> 
     </span>
     <span class='ocr_line' id='line_1_29' title="bbox 38 2515 1461 2582; baseline 0 -20"><span class='ocrx_word' id='word_1_197' title='bbox 38 2515 122 2563; x_wconf 84' lang='lat' dir='ltr'><strong>bus</strong></span> <span class='ocrx_word' id='word_1_198' title='bbox 146 2519 451 2582; x_wconf 84' lang='lat' dir='ltr'><strong>postmodum</strong></span> <span class='ocrx_word' id='word_1_199' title='bbox 478 2521 523 2566; x_wconf 88' lang='lat' dir='ltr'><strong>in</strong></span> <span class='ocrx_word' id='word_1_200' title='bbox 551 2521 769 2566; x_wconf 72' lang='lat' dir='ltr'><strong>Neustria</strong></span> <span class='ocrx_word' id='word_1_201' title='bbox 797 2520 936 2565; x_wconf 85' lang='lat' dir='ltr'><strong>simul</strong></span> <span class='ocrx_word' id='word_1_202' title='bbox 961 2529 1239 2566; x_wconf 76' lang='lat' dir='ltr'><strong>manserunt</strong></span> <span class='ocrx_word' id='word_1_203' title='bbox 1266 2518 1362 2581; x_wconf 76' lang='lat'><strong>(2),</strong></span> <span class='ocrx_word' id='word_1_204' title='bbox 1385 2516 1461 2563; x_wconf 83' lang='lat' dir='ltr'><strong>ad-</strong></span> 
     </span>
    </p>
   </div>
   <div class='ocr_carea' id='block_1_3' title="bbox 903 2622 1425 2628">
    <p class='ocr_par' dir='ltr' id='par_1_5' title="bbox 903 2622 1425 2628">
     <span class='ocr_line' id='line_1_30' title="bbox 903 2622 1425 2628; baseline 0 0"><span class='ocrx_word' id='word_1_205' title='bbox 903 2622 1425 2628; x_wconf 95' lang='lat' dir='ltr'><strong> </strong></span> 
     </span>
    </p>
   </div>
   <div class='ocr_carea' id='block_1_4' title="bbox 40 2671 1460 2887">
    <p class='ocr_par' dir='ltr' id='par_1_6' title="bbox 84 2671 910 2717">
     <span class='ocr_line' id='line_1_31' title="bbox 84 2671 910 2717; baseline 0.002 -12"><span class='ocrx_word' id='word_1_206' title='bbox 84 2671 133 2717; x_wconf 90' lang='lat'><strong>(1)</strong></span> <span class='ocrx_word' id='word_1_207' title='bbox 154 2672 375 2707; x_wconf 72' lang='lat' dir='ltr'><strong>Proeteritse.</strong></span> <span class='ocrx_word' id='word_1_208' title='bbox 396 2675 462 2708; x_wconf 62' lang='grc' dir='ltr'><strong>ΜΞ.</strong></span> <span class='ocrx_word' id='word_1_209' title='bbox 484 2674 528 2707; x_wconf 86' lang='lat' dir='ltr'><strong>dc</strong></span> <span class='ocrx_word' id='word_1_210' title='bbox 548 2674 577 2708; x_wconf 84' lang='lat' dir='ltr'><strong>la</strong></span> <span class='ocrx_word' id='word_1_211' title='bbox 599 2674 699 2707; x_wconf 71' lang='lat' dir='ltr'><strong>scine</strong></span> <span class='ocrx_word' id='word_1_212' title='bbox 717 2674 761 2706; x_wconf 72' lang='lat' dir='ltr'><strong>dte</strong></span> <span class='ocrx_word' id='word_1_213' title='bbox 780 2673 910 2707; x_wconf 68' lang='lat' dir='ltr'><strong>Suidc.</strong></span> 
     </span>
    </p>

    <p class='ocr_par' dir='ltr' id='par_1_7' title="bbox 40 2731 1460 2887">
     <span class='ocr_line' id='line_1_32' title="bbox 84 2731 1460 2780; baseline -0.003 -13"><span class='ocrx_word' id='word_1_214' title='bbox 84 2731 136 2775; x_wconf 81' lang='lat'><strong>(2)</strong></span> <span class='ocrx_word' id='word_1_215' title='bbox 158 2732 208 2767; x_wconf 86' lang='lat' dir='ltr'><strong>Ce</strong></span> <span class='ocrx_word' id='word_1_216' title='bbox 226 2732 337 2767; x_wconf 80' lang='lat' dir='ltr'><strong>calcu!</strong></span> <span class='ocrx_word' id='word_1_217' title='bbox 367 2734 455 2767; x_wconf 59' lang='lat' dir='ltr'><strong>n&#39;ezt</strong></span> <span class='ocrx_word' id='word_1_218' title='bbox 479 2746 540 2780; x_wconf 67' lang='lat' dir='ltr'><strong>pas</strong></span> <span class='ocrx_word' id='word_1_219' title='bbox 566 2742 676 2767; x_wconf 55' lang='lat' dir='ltr'><strong>exact.</strong></span> <span class='ocrx_word' id='word_1_220' title='bbox 710 2733 863 2766; x_wconf 40' lang='lat' dir='ltr'><strong>lratord</strong></span> <span class='ocrx_word' id='word_1_221' title='bbox 894 2734 943 2766; x_wconf 51' lang='lat' dir='ltr'><strong>les</strong></span> <span class='ocrx_word' id='word_1_222' title='bbox 968 2734 1060 2767; x_wconf 64' lang='lat' dir='ltr'><strong>deux</strong></span> <span class='ocrx_word' id='word_1_223' title='bbox 1087 2733 1226 2766; x_wconf 48' lang='lat' dir='ltr'><strong>Uola-rt</strong></span> <span class='ocrx_word' id='word_1_224' title='bbox 1253 2745 1296 2765; x_wconf 63' lang='lat' dir='ltr'><strong>nr*</strong></span> <span class='ocrx_word' id='word_1_225' title='bbox 1323 2744 1358 2764; x_wconf 66' lang='lat' dir='ltr'><strong>so</strong></span> <span class='ocrx_word' id='word_1_226' title='bbox 1379 2738 1460 2765; x_wconf 72' lang='lat' dir='ltr'><strong>sont</strong></span> 
     </span>
     <span class='ocr_line' id='line_1_33' title="bbox 40 2790 1460 2839; baseline -0.001 -18"><span class='ocrx_word' id='word_1_227' title='bbox 40 2791 185 2824; x_wconf 71' lang='lat' dir='ltr'><strong>trouves</strong></span> <span class='ocrx_word' id='word_1_228' title='bbox 213 2792 396 2826; x_wconf 76' lang='lat' dir='ltr'><strong>enscmble</strong></span> <span class='ocrx_word' id='word_1_229' title='bbox 424 2806 468 2826; x_wconf 69' lang='lat' dir='ltr'><strong>en</strong></span> <span class='ocrx_word' id='word_1_230' title='bbox 498 2792 722 2826; x_wconf 51' lang='lat' dir='ltr'><strong>Rormaudie</strong></span> <span class='ocrx_word' id='word_1_231' title='bbox 750 2806 819 2839; x_wconf 73' lang='lat' dir='ltr'><strong>quc</strong></span> <span class='ocrx_word' id='word_1_232' title='bbox 853 2793 1011 2838; x_wconf 51' lang='lat' dir='ltr'><strong>{rudant</strong></span> <span class='ocrx_word' id='word_1_233' title='bbox 1038 2800 1212 2838; x_wconf 60' lang='lat' dir='ltr'><strong>quatorzc</strong></span> <span class='ocrx_word' id='word_1_234' title='bbox 1242 2804 1322 2831; x_wconf 63' lang='lat' dir='ltr'><strong>aus,</strong></span> <span class='ocrx_word' id='word_1_235' title='bbox 1352 2797 1387 2823; x_wconf 68' lang='lat' dir='ltr'><strong>&lt;t</strong></span> <span class='ocrx_word' id='word_1_236' title='bbox 1419 2790 1460 2822; x_wconf 60' lang='lat' dir='ltr'><strong>ile,</strong></span> 
     </span>
     <span class='ocr_line' id='line_1_34' title="bbox 41 2847 1062 2887; baseline 0.004 -6"><span class='ocrx_word' id='word_1_237' title='bbox 41 2847 174 2883; x_wconf 72' lang='lat' dir='ltr'><strong>etaient</strong></span> <span class='ocrx_word' id='word_1_238' title='bbox 194 2851 405 2886; x_wconf 57' lang='lat' dir='ltr'><strong>reconcilies</strong></span> <span class='ocrx_word' id='word_1_239' title='bbox 425 2859 528 2885; x_wconf 69' lang='lat' dir='ltr'><strong>avant</strong></span> <span class='ocrx_word' id='word_1_240' title='bbox 549 2852 578 2885; x_wconf 77' lang='lat' dir='ltr'><strong>la</strong></span> <span class='ocrx_word' id='word_1_241' title='bbox 602 2852 744 2886; x_wconf 59' lang='lat' dir='ltr'><strong>bataillv</strong></span> <span class='ocrx_word' id='word_1_242' title='bbox 763 2852 806 2885; x_wconf 68' lang='lat' dir='ltr'><strong>dc</strong></span> <span class='ocrx_word' id='word_1_243' title='bbox 826 2852 1062 2887; x_wconf 63' lang='lat' dir='ltr'><strong>&#39;Finem-brai.</strong></span> 
     </span>
    </p>
   </div>
  </div>
 </body>
</html>
