<?xml version="1.0" encoding="UTF-8"?>
<!DOCTYPE html PUBLIC "-//W3C//DTD XHTML 1.0 Transitional//EN"
    "http://www.w3.org/TR/xhtml1/DTD/xhtml1-transitional.dtd">
<html xmlns="http://www.w3.org/1999/xhtml" xml:lang="en" lang="en">
 <head>
  <title>
</title>
<meta http-equiv="Content-Type" content="text/html;charset=utf-8" />
  <meta name='ocr-system' content='tesseract 3.04.00' />
  <meta name='ocr-capabilities' content='ocr_page ocr_carea ocr_par ocr_line ocrx_word'/>
</head>
<body>
  <div class='ocr_page' id='page_1' title='image "./ordericivitalish03ordeuoft/ordericivitalish03ordeuoft_0259.png"; bbox 0 0 2033 3445; ppageno 0'>
   <div class='ocr_carea' id='block_1_1' title="bbox 74 323 1486 378">
    <p class='ocr_par' dir='ltr' id='par_1_1' title="bbox 74 323 1486 378">
     <span class='ocr_line' id='line_1_1' title="bbox 74 323 1486 378; baseline -0.005 -12"><span class='ocrx_word' id='word_1_1' title='bbox 74 329 210 378; x_wconf 87' lang='lat'>[1086]</span> <span class='ocrx_word' id='word_1_2' title='bbox 551 325 704 363; x_wconf 89' lang='lat' dir='ltr'>LIBER</span> <span class='ocrx_word' id='word_1_3' title='bbox 733 323 1002 361; x_wconf 69' lang='lat' dir='ltr'><strong>SEPTIMUS.</strong></span> <span class='ocrx_word' id='word_1_4' title='bbox 1408 323 1486 360; x_wconf 77' lang='lat'>203</span> 
     </span>
    </p>
   </div>
   <div class='ocr_carea' id='block_1_2' title="bbox 67 408 1496 2029">
    <p class='ocr_par' dir='ltr' id='par_1_2' title="bbox 67 408 1496 2029">
     <span class='ocr_line' id='line_1_2' title="bbox 71 408 1489 474; baseline -0.002 -16"><span class='ocrx_word' id='word_1_5' title='bbox 71 413 236 460; x_wconf 75' lang='lat' dir='ltr'>multae</span> <span class='ocrx_word' id='word_1_6' title='bbox 252 427 392 456; x_wconf 89' lang='lat' dir='ltr'>naves</span> <span class='ocrx_word' id='word_1_7' title='bbox 408 421 584 474; x_wconf 82' lang='lat' dir='ltr'>paratae</span> <span class='ocrx_word' id='word_1_8' title='bbox 602 411 648 456; x_wconf 90' lang='lat' dir='ltr'>in</span> <span class='ocrx_word' id='word_1_9' title='bbox 666 410 828 456; x_wconf 83' lang='lat' dir='ltr'>littore</span> <span class='ocrx_word' id='word_1_10' title='bbox 842 419 1039 465; x_wconf 85' lang='lat' dir='ltr'>starent,</span> <span class='ocrx_word' id='word_1_11' title='bbox 1065 408 1329 472; x_wconf 87' lang='lat' dir='ltr'>idoneoque</span> <span class='ocrx_word' id='word_1_12' title='bbox 1344 419 1489 455; x_wconf 77' lang='lat' dir='ltr'>vento</span> 
     </span>
     <span class='ocr_line' id='line_1_3' title="bbox 67 487 1489 556; baseline -0.004 -20"><span class='ocrx_word' id='word_1_13' title='bbox 67 492 163 556; x_wconf 87' lang='lat' dir='ltr'>jam</span> <span class='ocrx_word' id='word_1_14' title='bbox 200 488 368 544; x_wconf 78' lang='lat' dir='ltr'>flante,</span> <span class='ocrx_word' id='word_1_15' title='bbox 411 489 458 534; x_wconf 90' lang='lat' dir='ltr'>in</span> <span class='ocrx_word' id='word_1_16' title='bbox 497 487 721 551; x_wconf 79' lang='lat' dir='ltr'>Angliam</span> <span class='ocrx_word' id='word_1_17' title='bbox 758 497 913 533; x_wconf 85' lang='lat' dir='ltr'>nautae</span> <span class='ocrx_word' id='word_1_18' title='bbox 950 502 1036 550; x_wconf 85' lang='lat' dir='ltr'>per</span> <span class='ocrx_word' id='word_1_19' title='bbox 1077 502 1217 532; x_wconf 79' lang='lat' dir='ltr'>naves</span> <span class='ocrx_word' id='word_1_20' title='bbox 1254 496 1489 531; x_wconf 81' lang='lat' dir='ltr'>armatum</span> 
     </span>
     <span class='ocr_line' id='line_1_4' title="bbox 73 562 1490 626; baseline -0.004 -12"><span class='ocrx_word' id='word_1_21' title='bbox 73 567 332 614; x_wconf 81' lang='lat' dir='ltr'>exercitum</span> <span class='ocrx_word' id='word_1_22' title='bbox 353 566 666 623; x_wconf 83' lang='lat' dir='ltr'>collocarent,</span> <span class='ocrx_word' id='word_1_23' title='bbox 694 581 775 611; x_wconf 82' lang='lat' dir='ltr'>rex</span> <span class='ocrx_word' id='word_1_24' title='bbox 795 564 1043 610; x_wconf 83' lang='lat' dir='ltr'>Chunutus</span> <span class='ocrx_word' id='word_1_25' title='bbox 1063 564 1184 610; x_wconf 87' lang='lat' dir='ltr'>velle</span> <span class='ocrx_word' id='word_1_26' title='bbox 1211 564 1294 608; x_wconf 90' lang='lat' dir='ltr'>Dei</span> <span class='ocrx_word' id='word_1_27' title='bbox 1322 562 1490 626; x_wconf 84' lang='lat' dir='ltr'>explo-</span> 
     </span>
     <span class='ocr_line' id='line_1_5' title="bbox 74 641 1491 703; baseline -0.003 -12"><span class='ocrx_word' id='word_1_28' title='bbox 74 656 277 699; x_wconf 77' lang='lat' dir='ltr'>raturus,</span> <span class='ocrx_word' id='word_1_29' title='bbox 302 643 543 690; x_wconf 88' lang='lat' dir='ltr'>ecclesiam</span> <span class='ocrx_word' id='word_1_30' title='bbox 564 643 760 689; x_wconf 76' lang='lat' dir='ltr'>intravit</span> <span class='ocrx_word' id='word_1_31' title='bbox 775 679 788 701; x_wconf 89' lang='lat'>,</span> <span class='ocrx_word' id='word_1_32' title='bbox 815 654 923 689; x_wconf 88' lang='lat' dir='ltr'>ante</span> <span class='ocrx_word' id='word_1_33' title='bbox 943 643 1090 688; x_wconf 84' lang='lat' dir='ltr'>altare</span> <span class='ocrx_word' id='word_1_34' title='bbox 1113 641 1358 687; x_wconf 82' lang='lat' dir='ltr'>humiliter</span> <span class='ocrx_word' id='word_1_35' title='bbox 1378 658 1491 703; x_wconf 85' lang='lat' dir='ltr'>pro-</span> 
     </span>
     <span class='ocr_line' id='line_1_6' title="bbox 73 719 1491 786; baseline -0.004 -16"><span class='ocrx_word' id='word_1_36' title='bbox 73 722 252 779; x_wconf 84' lang='lat' dir='ltr'>cubuit,</span> <span class='ocrx_word' id='word_1_37' title='bbox 271 722 517 786; x_wconf 86' lang='lat' dir='ltr'>Deumque</span> <span class='ocrx_word' id='word_1_38' title='bbox 533 732 585 767; x_wconf 93' lang='lat' dir='ltr'>ut</span> <span class='ocrx_word' id='word_1_39' title='bbox 604 722 693 768; x_wconf 91' lang='lat' dir='ltr'>iter</span> <span class='ocrx_word' id='word_1_40' title='bbox 711 739 847 768; x_wconf 89' lang='lat' dir='ltr'>suum</span> <span class='ocrx_word' id='word_1_41' title='bbox 865 720 1122 767; x_wconf 81' lang='lat' dir='ltr'>secundum</span> <span class='ocrx_word' id='word_1_42' title='bbox 1142 719 1491 783; x_wconf 81' lang='lat' dir='ltr'>beneplacitam</span> 
     </span>
     <span class='ocr_line' id='line_1_7' title="bbox 73 798 1488 864; baseline -0.003 -18"><span class='ocrx_word' id='word_1_43' title='bbox 73 802 365 848; x_wconf 80' lang='lat' dir='ltr'>voluntatem</span> <span class='ocrx_word' id='word_1_44' title='bbox 413 818 544 845; x_wconf 83' lang='lat' dir='ltr'>suam</span> <span class='ocrx_word' id='word_1_45' title='bbox 592 799 843 858; x_wconf 59' lang='lat' dir='ltr'>dirigeret,</span> <span class='ocrx_word' id='word_1_46' title='bbox 889 817 996 846; x_wconf 88' lang='lat' dir='ltr'>cum</span> <span class='ocrx_word' id='word_1_47' title='bbox 1043 799 1265 864; x_wconf 77' lang='lat' dir='ltr'>lacrymis</span> <span class='ocrx_word' id='word_1_48' title='bbox 1315 798 1488 844; x_wconf 84' lang='lat' dir='ltr'>oravit.</span> 
     </span>
     <span class='ocr_line' id='line_1_8' title="bbox 71 872 1491 942; baseline -0.004 -18"><span class='ocrx_word' id='word_1_49' title='bbox 71 872 248 924; x_wconf 88' lang='lat' dir='ltr'>Deinde</span> <span class='ocrx_word' id='word_1_50' title='bbox 271 879 418 924; x_wconf 80' lang='lat' dir='ltr'>frater</span> <span class='ocrx_word' id='word_1_51' title='bbox 450 879 546 942; x_wconf 85' lang='lat' dir='ltr'>ejus</span> <span class='ocrx_word' id='word_1_52' title='bbox 581 877 813 940; x_wconf 86' lang='lat' dir='ltr'>templum</span> <span class='ocrx_word' id='word_1_53' title='bbox 857 877 1091 940; x_wconf 79' lang='lat' dir='ltr'>ingressus</span> <span class='ocrx_word' id='word_1_54' title='bbox 1127 887 1220 930; x_wconf 88' lang='lat' dir='ltr'>est,</span> <span class='ocrx_word' id='word_1_55' title='bbox 1260 876 1340 939; x_wconf 88' lang='lat' dir='ltr'>qui</span> <span class='ocrx_word' id='word_1_56' title='bbox 1377 874 1491 919; x_wconf 86' lang='lat' dir='ltr'>dum</span> 
     </span>
     <span class='ocr_line' id='line_1_9' title="bbox 70 952 1493 1020; baseline -0.004 -18"><span class='ocrx_word' id='word_1_57' title='bbox 70 973 229 1020; x_wconf 82' lang='lat' dir='ltr'>regem</span> <span class='ocrx_word' id='word_1_58' title='bbox 244 956 396 1001; x_wconf 88' lang='lat' dir='ltr'>solum</span> <span class='ocrx_word' id='word_1_59' title='bbox 414 966 522 1000; x_wconf 86' lang='lat' dir='ltr'>ante</span> <span class='ocrx_word' id='word_1_60' title='bbox 540 973 671 1000; x_wconf 85' lang='lat' dir='ltr'>aram</span> <span class='ocrx_word' id='word_1_61' title='bbox 687 964 979 1018; x_wconf 86' lang='lat' dir='ltr'>prostratum</span> <span class='ocrx_word' id='word_1_62' title='bbox 998 953 1260 1017; x_wconf 80' lang='lat' dir='ltr'>prospexit,</span> <span class='ocrx_word' id='word_1_63' title='bbox 1285 952 1493 1015; x_wconf 76' lang='lat' dir='ltr'>cogitare</span> 
     </span>
     <span class='ocr_line' id='line_1_10' title="bbox 71 1028 1492 1096; baseline -0.005 -18"><span class='ocrx_word' id='word_1_64' title='bbox 71 1033 217 1095; x_wconf 86' lang='lat' dir='ltr'>coepit</span> <span class='ocrx_word' id='word_1_65' title='bbox 243 1049 384 1096; x_wconf 83' lang='lat' dir='ltr'>quam</span> <span class='ocrx_word' id='word_1_66' title='bbox 407 1049 606 1096; x_wconf 75' lang='lat' dir='ltr'>magnus</span> <span class='ocrx_word' id='word_1_67' title='bbox 631 1029 790 1088; x_wconf 87' lang='lat' dir='ltr'>labor,</span> <span class='ocrx_word' id='word_1_68' title='bbox 821 1041 866 1076; x_wconf 86' lang='lat' dir='ltr'>et</span> <span class='ocrx_word' id='word_1_69' title='bbox 890 1048 1032 1094; x_wconf 88' lang='lat' dir='ltr'>quam</span> <span class='ocrx_word' id='word_1_70' title='bbox 1059 1045 1202 1094; x_wconf 68' lang='lat' dir='ltr'>grave</span> <span class='ocrx_word' id='word_1_71' title='bbox 1225 1028 1492 1093; x_wconf 90' lang='lat' dir='ltr'>periculum</span> 
     </span>
     <span class='ocr_line' id='line_1_11' title="bbox 72 1104 1490 1173; baseline -0.005 -17"><span class='ocrx_word' id='word_1_72' title='bbox 72 1122 141 1158; x_wconf 91' lang='lat' dir='ltr'>tot</span> <span class='ocrx_word' id='word_1_73' title='bbox 156 1109 367 1156; x_wconf 83' lang='lat' dir='ltr'>millibus</span> <span class='ocrx_word' id='word_1_74' title='bbox 387 1127 472 1173; x_wconf 84' lang='lat' dir='ltr'>per</span> <span class='ocrx_word' id='word_1_75' title='bbox 490 1127 638 1155; x_wconf 90' lang='lat' dir='ltr'>unum</span> <span class='ocrx_word' id='word_1_76' title='bbox 659 1109 902 1155; x_wconf 85' lang='lat' dir='ltr'>hominem</span> <span class='ocrx_word' id='word_1_77' title='bbox 924 1109 1217 1162; x_wconf 81' lang='lat' dir='ltr'>immineret,</span> <span class='ocrx_word' id='word_1_78' title='bbox 1243 1117 1290 1152; x_wconf 86' lang='lat' dir='ltr'>et</span> <span class='ocrx_word' id='word_1_79' title='bbox 1308 1106 1343 1151; x_wconf 91' lang='lat' dir='ltr'>si</span> <span class='ocrx_word' id='word_1_80' title='bbox 1368 1104 1490 1150; x_wconf 85' lang='lat' dir='ltr'>idem</span> 
     </span>
     <span class='ocr_line' id='line_1_12' title="bbox 71 1184 1492 1252; baseline -0.005 -17"><span class='ocrx_word' id='word_1_81' title='bbox 71 1190 352 1244; x_wconf 77' lang='lat' dir='ltr'>auferretur,</span> <span class='ocrx_word' id='word_1_82' title='bbox 377 1189 465 1234; x_wconf 89' lang='lat' dir='ltr'>cita</span> <span class='ocrx_word' id='word_1_83' title='bbox 485 1187 832 1252; x_wconf 67' lang='lat' dir='ltr'><strong>vehemensque</strong></span> <span class='ocrx_word' id='word_1_84' title='bbox 849 1187 1049 1232; x_wconf 83' lang='lat' dir='ltr'>mutatio</span> <span class='ocrx_word' id='word_1_85' title='bbox 1068 1185 1219 1232; x_wconf 79' lang='lat' dir='ltr'>fieret.</span> <span class='ocrx_word' id='word_1_86' title='bbox 1244 1184 1341 1230; x_wconf 85' lang='lat' dir='ltr'>Nec</span> <span class='ocrx_word' id='word_1_87' title='bbox 1358 1200 1492 1230; x_wconf 88' lang='lat' dir='ltr'>mora</span> 
     </span>
     <span class='ocr_line' id='line_1_13' title="bbox 69 1259 1490 1330; baseline -0.004 -20"><span class='ocrx_word' id='word_1_88' title='bbox 69 1264 277 1330; x_wconf 81' lang='lat' dir='ltr'>gladium</span> <span class='ocrx_word' id='word_1_89' title='bbox 318 1264 573 1321; x_wconf 80' lang='lat' dir='ltr'>abstraxit,</span> <span class='ocrx_word' id='word_1_90' title='bbox 618 1275 664 1311; x_wconf 82' lang='lat' dir='ltr'>et</span> <span class='ocrx_word' id='word_1_91' title='bbox 703 1265 885 1312; x_wconf 86' lang='lat' dir='ltr'>orantis</span> <span class='ocrx_word' id='word_1_92' title='bbox 923 1264 1045 1327; x_wconf 81' lang='lat' dir='ltr'>regis</span> <span class='ocrx_word' id='word_1_93' title='bbox 1086 1273 1226 1325; x_wconf 86' lang='lat' dir='ltr'>caput</span> <span class='ocrx_word' id='word_1_94' title='bbox 1265 1259 1490 1314; x_wconf 83' lang='lat' dir='ltr'>abscidit,</span> 
     </span>
     <span class='ocr_line' id='line_1_14' title="bbox 69 1338 1492 1407; baseline -0.004 -18"><span class='ocrx_word' id='word_1_95' title='bbox 69 1344 321 1407; x_wconf 85' lang='lat' dir='ltr'>statimque</span> <span class='ocrx_word' id='word_1_96' title='bbox 347 1344 393 1388; x_wconf 95' lang='lat' dir='ltr'>in</span> <span class='ocrx_word' id='word_1_97' title='bbox 421 1343 615 1389; x_wconf 85' lang='lat' dir='ltr'>exilium</span> <span class='ocrx_word' id='word_1_98' title='bbox 640 1342 834 1407; x_wconf 76' lang='lat' dir='ltr'>aufugit.</span> <span class='ocrx_word' id='word_1_99' title='bbox 867 1342 1020 1388; x_wconf 87' lang='lat' dir='ltr'>Porro</span> <span class='ocrx_word' id='word_1_100' title='bbox 1052 1352 1146 1386; x_wconf 80' lang='lat' dir='ltr'>tam</span> <span class='ocrx_word' id='word_1_101' title='bbox 1174 1339 1295 1385; x_wconf 89' lang='lat' dir='ltr'>tristi</span> <span class='ocrx_word' id='word_1_102' title='bbox 1321 1338 1492 1384; x_wconf 83' lang='lat' dir='ltr'>nuntio</span> 
     </span>
     <span class='ocr_line' id='line_1_15' title="bbox 69 1418 1493 1484; baseline -0.004 -17"><span class='ocrx_word' id='word_1_103' title='bbox 69 1440 182 1469; x_wconf 92' lang='lat' dir='ltr'>mox</span> <span class='ocrx_word' id='word_1_104' title='bbox 218 1422 452 1468; x_wconf 84' lang='lat' dir='ltr'>exercitus</span> <span class='ocrx_word' id='word_1_105' title='bbox 484 1421 718 1484; x_wconf 86' lang='lat' dir='ltr'>dispersus</span> <span class='ocrx_word' id='word_1_106' title='bbox 756 1431 850 1477; x_wconf 81' lang='lat' dir='ltr'>est,</span> <span class='ocrx_word' id='word_1_107' title='bbox 888 1431 935 1465; x_wconf 89' lang='lat' dir='ltr'>et</span> <span class='ocrx_word' id='word_1_108' title='bbox 968 1418 1024 1465; x_wconf 81' lang='lat' dir='ltr'>ad</span> <span class='ocrx_word' id='word_1_109' title='bbox 1057 1419 1309 1482; x_wconf 87' lang='lat' dir='ltr'>proprium</span> <span class='ocrx_word' id='word_1_110' title='bbox 1345 1434 1493 1462; x_wconf 92' lang='lat' dir='ltr'>unus-</span> 
     </span>
     <span class='ocr_line' id='line_1_16' title="bbox 70 1496 1493 1564; baseline -0.004 -19"><span class='ocrx_word' id='word_1_111' title='bbox 70 1501 269 1564; x_wconf 81' lang='lat' dir='ltr'>quisque</span> <span class='ocrx_word' id='word_1_112' title='bbox 292 1500 534 1563; x_wconf 78' lang='lat' dir='ltr'>negotium</span> <span class='ocrx_word' id='word_1_113' title='bbox 568 1515 781 1545; x_wconf 83' lang='lat' dir='ltr'>reversus</span> <span class='ocrx_word' id='word_1_114' title='bbox 809 1508 894 1543; x_wconf 88' lang='lat' dir='ltr'>est.</span> <span class='ocrx_word' id='word_1_115' title='bbox 923 1497 1140 1560; x_wconf 89' lang='lat' dir='ltr'>Denique</span> <span class='ocrx_word' id='word_1_116' title='bbox 1166 1496 1374 1541; x_wconf 80' lang='lat' dir='ltr'>seniores</span> <span class='ocrx_word' id='word_1_117' title='bbox 1399 1512 1493 1558; x_wconf 89' lang='lat' dir='ltr'>po-</span> 
     </span>
     <span class='ocr_line' id='line_1_17' title="bbox 69 1572 1490 1640; baseline -0.004 -18"><span class='ocrx_word' id='word_1_118' title='bbox 69 1577 169 1640; x_wconf 91' lang='lat' dir='ltr'>puli</span> <span class='ocrx_word' id='word_1_119' title='bbox 203 1576 545 1632; x_wconf 85' lang='lat' dir='ltr'>Calomanoth,</span> <span class='ocrx_word' id='word_1_120' title='bbox 571 1577 767 1621; x_wconf 74' lang='lat' dir='ltr'>fratrem</span> <span class='ocrx_word' id='word_1_121' title='bbox 798 1575 947 1639; x_wconf 80' lang='lat' dir='ltr'>regis,</span> <span class='ocrx_word' id='word_1_122' title='bbox 979 1572 1211 1638; x_wconf 88' lang='lat' dir='ltr'>parricida</span> <span class='ocrx_word' id='word_1_123' title='bbox 1244 1572 1490 1628; x_wconf 82' lang='lat' dir='ltr'>exulante,</span> 
     </span>
     <span class='ocr_line' id='line_1_18' title="bbox 70 1650 1494 1717; baseline -0.003 -17"><span class='ocrx_word' id='word_1_124' title='bbox 70 1670 230 1717; x_wconf 80' lang='lat' dir='ltr'>regem</span> <span class='ocrx_word' id='word_1_125' title='bbox 257 1655 624 1700; x_wconf 87' lang='lat' dir='ltr'>constituerunt.</span> <span class='ocrx_word' id='word_1_126' title='bbox 654 1653 838 1717; x_wconf 90' lang='lat' dir='ltr'>Corpus</span> <span class='ocrx_word' id='word_1_127' title='bbox 867 1670 982 1699; x_wconf 70' lang='lat' dir='ltr'>vero</span> <span class='ocrx_word' id='word_1_128' title='bbox 1014 1651 1224 1698; x_wconf 89' lang='lat' dir='ltr'>Chunuti</span> <span class='ocrx_word' id='word_1_129' title='bbox 1251 1653 1374 1716; x_wconf 77' lang='lat' dir='ltr'>regis</span> <span class='ocrx_word' id='word_1_130' title='bbox 1403 1650 1494 1697; x_wconf 88' lang='lat' dir='ltr'>ho-</span> 
     </span>
     <span class='ocr_line' id='line_1_19' title="bbox 71 1728 1494 1794; baseline -0.002 -18"><span class='ocrx_word' id='word_1_131' title='bbox 71 1731 265 1778; x_wconf 82' lang='lat' dir='ltr'>norifice</span> <span class='ocrx_word' id='word_1_132' title='bbox 307 1732 355 1777; x_wconf 89' lang='lat' dir='ltr'>in</span> <span class='ocrx_word' id='word_1_133' title='bbox 398 1731 586 1777; x_wconf 88' lang='lat' dir='ltr'>basilica</span> <span class='ocrx_word' id='word_1_134' title='bbox 623 1731 936 1794; x_wconf 85' lang='lat' dir='ltr'>sepelierunt,</span> <span class='ocrx_word' id='word_1_135' title='bbox 985 1729 1042 1776; x_wconf 87' lang='lat' dir='ltr'>ad</span> <span class='ocrx_word' id='word_1_136' title='bbox 1087 1730 1216 1793; x_wconf 83' lang='lat' dir='ltr'>cujus</span> <span class='ocrx_word' id='word_1_137' title='bbox 1258 1728 1494 1774; x_wconf 90' lang='lat' dir='ltr'>tumulum</span> 
     </span>
     <span class='ocr_line' id='line_1_20' title="bbox 70 1807 1495 1871; baseline -0.001 -17"><span class='ocrx_word' id='word_1_138' title='bbox 70 1809 216 1854; x_wconf 85' lang='lat' dir='ltr'>multa</span> <span class='ocrx_word' id='word_1_139' title='bbox 241 1809 466 1855; x_wconf 86' lang='lat' dir='ltr'>miracula</span> <span class='ocrx_word' id='word_1_140' title='bbox 490 1808 718 1855; x_wconf 82' lang='lat' dir='ltr'>divinitus</span> <span class='ocrx_word' id='word_1_141' title='bbox 737 1812 853 1855; x_wconf 76' lang='lat' dir='ltr'>sacta</span> <span class='ocrx_word' id='word_1_142' title='bbox 875 1819 1002 1854; x_wconf 86' lang='lat' dir='ltr'>sunt.</span> <span class='ocrx_word' id='word_1_143' title='bbox 1027 1807 1094 1853; x_wconf 87' lang='lat' dir='ltr'>lbi</span> <span class='ocrx_word' id='word_1_144' title='bbox 1124 1807 1302 1871; x_wconf 79' lang='lat' dir='ltr'>grande</span> <span class='ocrx_word' id='word_1_145' title='bbox 1327 1823 1495 1853; x_wconf 87' lang='lat' dir='ltr'>coeno-</span> 
     </span>
     <span class='ocr_line' id='line_1_21' title="bbox 70 1885 1496 1940; baseline -0.001 -8"><span class='ocrx_word' id='word_1_146' title='bbox 70 1886 202 1933; x_wconf 90' lang='lat' dir='ltr'>bium</span> <span class='ocrx_word' id='word_1_147' title='bbox 237 1887 583 1934; x_wconf 83' lang='lat' dir='ltr'>monachorum</span> <span class='ocrx_word' id='word_1_148' title='bbox 622 1897 950 1933; x_wconf 78' lang='lat' dir='ltr'>constructum</span> <span class='ocrx_word' id='word_1_149' title='bbox 990 1897 1083 1940; x_wconf 85' lang='lat' dir='ltr'>est,</span> <span class='ocrx_word' id='word_1_150' title='bbox 1125 1896 1172 1931; x_wconf 92' lang='lat' dir='ltr'>et</span> <span class='ocrx_word' id='word_1_151' title='bbox 1209 1885 1496 1932; x_wconf 88' lang='lat' dir='ltr'>monasticus</span> 
     </span>
     <span class='ocr_line' id='line_1_22' title="bbox 71 1963 1490 2029; baseline -0.002 -18"><span class='ocrx_word' id='word_1_152' title='bbox 71 1964 207 2022; x_wconf 83' lang='lat' dir='ltr'>ordo,</span> <span class='ocrx_word' id='word_1_153' title='bbox 233 1966 352 2011; x_wconf 83' lang='lat' dir='ltr'>sicut</span> <span class='ocrx_word' id='word_1_154' title='bbox 372 1966 417 2011; x_wconf 93' lang='lat' dir='ltr'>in</span> <span class='ocrx_word' id='word_1_155' title='bbox 442 1965 612 2029; x_wconf 76' lang='lat' dir='ltr'>Anglia</span> <span class='ocrx_word' id='word_1_156' title='bbox 631 1964 753 2027; x_wconf 86' lang='lat' dir='ltr'>apud</span> <span class='ocrx_word' id='word_1_157' title='bbox 773 1963 1144 2011; x_wconf 79' lang='lat' dir='ltr'>Eoveshaminm</span> <span class='ocrx_word' id='word_1_158' title='bbox 1167 1965 1238 2027; x_wconf 70' lang='lat' dir='ltr'>(i)</span> <span class='ocrx_word' id='word_1_159' title='bbox 1258 1974 1490 2020; x_wconf 69' lang='lat' dir='ltr'>servatur,</span> 
     </span>
    </p>
   </div>
   <div class='ocr_carea' id='block_1_3' title="bbox 530 2067 1434 2075">
    <p class='ocr_par' dir='ltr' id='par_1_3' title="bbox 530 2067 1434 2075">
     <span class='ocr_line' id='line_1_23' title="bbox 530 2067 1434 2075; baseline 0 0"><span class='ocrx_word' id='word_1_160' title='bbox 530 2067 1434 2075; x_wconf 95' lang='lat' dir='ltr'> </span> 
     </span>
    </p>
   </div>
   <div class='ocr_carea' id='block_1_4' title="bbox 72 2111 1498 2880">
    <p class='ocr_par' dir='ltr' id='par_1_4' title="bbox 72 2111 1498 2823">
     <span class='ocr_line' id='line_1_24' title="bbox 72 2111 1495 2161; baseline 0.001 -14"><span class='ocrx_word' id='word_1_161' title='bbox 72 2111 162 2148; x_wconf 89' lang='lat' dir='ltr'>dont</span> <span class='ocrx_word' id='word_1_162' title='bbox 181 2113 214 2148; x_wconf 86' lang='lat' dir='ltr'>le</span> <span class='ocrx_word' id='word_1_163' title='bbox 232 2114 340 2148; x_wconf 84' lang='lat' dir='ltr'>mode</span> <span class='ocrx_word' id='word_1_164' title='bbox 361 2121 397 2149; x_wconf 88' lang='lat' dir='ltr'>et</span> <span class='ocrx_word' id='word_1_165' title='bbox 415 2114 448 2148; x_wconf 83' lang='lat' dir='ltr'>la</span> <span class='ocrx_word' id='word_1_166' title='bbox 468 2114 691 2149; x_wconf 76' lang='lat' dir='ltr'>destination</span> <span class='ocrx_word' id='word_1_167' title='bbox 713 2115 939 2161; x_wconf 75' lang='lat' dir='ltr'>rappelaient</span> <span class='ocrx_word' id='word_1_168' title='bbox 960 2115 1010 2149; x_wconf 89' lang='lat' dir='ltr'>les</span> <span class='ocrx_word' id='word_1_169' title='bbox 1030 2114 1168 2156; x_wconf 77' lang='lat' dir='ltr'>(limes,</span> <span class='ocrx_word' id='word_1_170' title='bbox 1192 2116 1219 2149; x_wconf 85' lang='lat' dir='ltr'>si</span> <span class='ocrx_word' id='word_1_171' title='bbox 1242 2115 1409 2149; x_wconf 81' lang='lat' dir='ltr'>odieuses</span> <span class='ocrx_word' id='word_1_172' title='bbox 1427 2126 1495 2148; x_wconf 85' lang='lat' dir='ltr'>aux</span> 
     </span>
     <span class='ocr_line' id='line_1_25' title="bbox 72 2174 1494 2221; baseline -0.001 -13"><span class='ocrx_word' id='word_1_173' title='bbox 72 2174 221 2221; x_wconf 89' lang='lat' dir='ltr'>peuples</span> <span class='ocrx_word' id='word_1_174' title='bbox 241 2174 496 2209; x_wconf 76' lang='lat' dir='ltr'>Scandinaves.</span> <span class='ocrx_word' id='word_1_175' title='bbox 524 2175 594 2209; x_wconf 86' lang='lat' dir='ltr'>Des</span> <span class='ocrx_word' id='word_1_176' title='bbox 624 2186 834 2208; x_wconf 76' lang='lat' dir='ltr'>murmures</span> <span class='ocrx_word' id='word_1_177' title='bbox 853 2186 899 2208; x_wconf 89' lang='lat' dir='ltr'>on</span> <span class='ocrx_word' id='word_1_178' title='bbox 919 2187 964 2208; x_wconf 75' lang='lat' dir='ltr'>en</span> <span class='ocrx_word' id='word_1_179' title='bbox 984 2175 1061 2208; x_wconf 81' lang='lat' dir='ltr'>vint</span> <span class='ocrx_word' id='word_1_180' title='bbox 1082 2177 1099 2208; x_wconf 73' lang='lat' dir='ltr'>ii</span> <span class='ocrx_word' id='word_1_181' title='bbox 1120 2187 1192 2208; x_wconf 87' lang='lat' dir='ltr'>une</span> <span class='ocrx_word' id='word_1_182' title='bbox 1212 2175 1408 2208; x_wconf 74' lang='lat' dir='ltr'>resistauce</span> <span class='ocrx_word' id='word_1_183' title='bbox 1427 2186 1494 2207; x_wconf 92' lang='lat' dir='ltr'>ou-</span> 
     </span>
     <span class='ocr_line' id='line_1_26' title="bbox 74 2232 1497 2280; baseline -0.001 -14"><span class='ocrx_word' id='word_1_184' title='bbox 74 2239 192 2275; x_wconf 86' lang='lat' dir='ltr'>verte;</span> <span class='ocrx_word' id='word_1_185' title='bbox 210 2233 385 2280; x_wconf 87' lang='lat' dir='ltr'>quelques</span> <span class='ocrx_word' id='word_1_186' title='bbox 404 2233 618 2267; x_wconf 85' lang='lat' dir='ltr'>collecleurs</span> <span class='ocrx_word' id='word_1_187' title='bbox 636 2234 758 2267; x_wconf 87' lang='lat' dir='ltr'>furent</span> <span class='ocrx_word' id='word_1_188' title='bbox 775 2234 983 2275; x_wconf 74' lang='lat' dir='ltr'>niassaci·e5‚</span> <span class='ocrx_word' id='word_1_189' title='bbox 998 2239 1034 2267; x_wconf 88' lang='lat' dir='ltr'>ct</span> <span class='ocrx_word' id='word_1_190' title='bbox 1052 2232 1085 2266; x_wconf 89' lang='lat' dir='ltr'>le</span> <span class='ocrx_word' id='word_1_191' title='bbox 1105 2233 1172 2275; x_wconf 84' lang='lat' dir='ltr'>roi,</span> <span class='ocrx_word' id='word_1_192' title='bbox 1188 2234 1367 2267; x_wconf 80' lang='lat' dir='ltr'>vivemeut</span> <span class='ocrx_word' id='word_1_193' title='bbox 1386 2244 1497 2278; x_wconf 85' lang='lat' dir='ltr'>pour-</span> 
     </span>
     <span class='ocr_line' id='line_1_27' title="bbox 74 2292 1494 2340; baseline 0 -14"><span class='ocrx_word' id='word_1_194' title='bbox 74 2293 163 2327; x_wconf 89' lang='lat' dir='ltr'>suivi</span> <span class='ocrx_word' id='word_1_195' title='bbox 184 2293 394 2337; x_wconf 78' lang='lat' dir='ltr'>lui-meme,</span> <span class='ocrx_word' id='word_1_196' title='bbox 418 2294 473 2328; x_wconf 84' lang='lat' dir='ltr'>sut</span> <span class='ocrx_word' id='word_1_197' title='bbox 491 2293 614 2340; x_wconf 77' lang='lat' dir='ltr'>obligc&#39;</span> <span class='ocrx_word' id='word_1_198' title='bbox 635 2293 680 2327; x_wconf 88' lang='lat' dir='ltr'>de</span> <span class='ocrx_word' id='word_1_199' title='bbox 700 2305 735 2327; x_wconf 79' lang='lat' dir='ltr'>se</span> <span class='ocrx_word' id='word_1_200' title='bbox 754 2294 917 2340; x_wconf 75' lang='lat' dir='ltr'>resugicr</span> <span class='ocrx_word' id='word_1_201' title='bbox 938 2292 1089 2327; x_wconf 72' lang='lat' dir='ltr'>‹l&#39;abord</span> <span class='ocrx_word' id='word_1_202' title='bbox 1109 2305 1154 2327; x_wconf 82' lang='lat' dir='ltr'>en</span> <span class='ocrx_word' id='word_1_203' title='bbox 1178 2293 1325 2335; x_wconf 67' lang='lat' dir='ltr'>Fioniv,</span> <span class='ocrx_word' id='word_1_204' title='bbox 1351 2293 1433 2339; x_wconf 81' lang='lat' dir='ltr'>puis</span> <span class='ocrx_word' id='word_1_205' title='bbox 1450 2304 1494 2326; x_wconf 91' lang='lat' dir='ltr'>en</span> 
     </span>
     <span class='ocr_line' id='line_1_28' title="bbox 73 2352 1495 2402; baseline -0.001 -14"><span class='ocrx_word' id='word_1_206' title='bbox 73 2352 216 2388; x_wconf 76' lang='lat' dir='ltr'>Seland.</span> <span class='ocrx_word' id='word_1_207' title='bbox 238 2354 289 2389; x_wconf 87' lang='lat' dir='ltr'>Ce</span> <span class='ocrx_word' id='word_1_208' title='bbox 313 2354 371 2388; x_wconf 86' lang='lat' dir='ltr'>sut</span> <span class='ocrx_word' id='word_1_209' title='bbox 399 2354 431 2388; x_wconf 74' lang='lat' dir='ltr'>la</span> <span class='ocrx_word' id='word_1_210' title='bbox 458 2354 572 2402; x_wconf 79' lang='lat' dir='ltr'>qu&#39;un</span> <span class='ocrx_word' id='word_1_211' title='bbox 598 2354 742 2395; x_wconf 87' lang='lat' dir='ltr'>traitre,</span> <span class='ocrx_word' id='word_1_212' title='bbox 768 2355 916 2387; x_wconf 60' lang='lat' dir='ltr'>nomme¹</span> <span class='ocrx_word' id='word_1_213' title='bbox 947 2353 1075 2395; x_wconf 83' lang='lat' dir='ltr'>Black,</span> <span class='ocrx_word' id='word_1_214' title='bbox 1104 2353 1154 2388; x_wconf 91' lang='lat' dir='ltr'>lui</span> <span class='ocrx_word' id='word_1_215' title='bbox 1183 2353 1361 2401; x_wconf 67' lang='lat' dir='ltr'>pei-suada</span> <span class='ocrx_word' id='word_1_216' title='bbox 1389 2352 1434 2386; x_wconf 87' lang='lat' dir='ltr'>de</span> <span class='ocrx_word' id='word_1_217' title='bbox 1459 2365 1495 2386; x_wconf 75' lang='lat' dir='ltr'>se</span> 
     </span>
     <span class='ocr_line' id='line_1_29' title="bbox 74 2412 1496 2461; baseline -0.001 -13"><span class='ocrx_word' id='word_1_218' title='bbox 74 2413 205 2448; x_wconf 81' lang='lat' dir='ltr'>rendre</span> <span class='ocrx_word' id='word_1_219' title='bbox 236 2416 255 2449; x_wconf 72' lang='grc' dir='ltr'>ἐι</span> <span class='ocrx_word' id='word_1_220' title='bbox 286 2414 457 2449; x_wconf 80' lang='lat' dir='ltr'>Odensee</span> <span class='ocrx_word' id='word_1_221' title='bbox 492 2414 581 2449; x_wconf 86' lang='lat' dir='ltr'>dans</span> <span class='ocrx_word' id='word_1_222' title='bbox 619 2414 766 2460; x_wconf 68' lang='lat' dir='ltr'>l&#39;espoir</span> <span class='ocrx_word' id='word_1_223' title='bbox 795 2426 866 2461; x_wconf 85' lang='lat' dir='ltr'>que</span> <span class='ocrx_word' id='word_1_224' title='bbox 903 2426 937 2447; x_wconf 85' lang='lat' dir='ltr'>sa</span> <span class='ocrx_word' id='word_1_225' title='bbox 975 2415 1147 2460; x_wconf 78' lang='lat' dir='ltr'>presence</span> <span class='ocrx_word' id='word_1_226' title='bbox 1176 2427 1198 2460; x_wconf 60' lang='lat'>3·</span> <span class='ocrx_word' id='word_1_227' title='bbox 1237 2412 1432 2460; x_wconf 74' lang='lat' dir='ltr'>apaiserait</span> <span class='ocrx_word' id='word_1_228' title='bbox 1463 2412 1496 2447; x_wconf 89' lang='lat' dir='ltr'>le</span> 
     </span>
     <span class='ocr_line' id='line_1_30' title="bbox 74 2472 1492 2521; baseline -0.002 -13"><span class='ocrx_word' id='word_1_229' title='bbox 74 2473 229 2520; x_wconf 80' lang='lat' dir='ltr'>peuple;</span> <span class='ocrx_word' id='word_1_230' title='bbox 250 2475 340 2508; x_wconf 86' lang='lat' dir='ltr'>mais</span> <span class='ocrx_word' id='word_1_231' title='bbox 357 2477 374 2508; x_wconf 66' lang='lat' dir='ltr'>a</span> <span class='ocrx_word' id='word_1_232' title='bbox 390 2475 498 2521; x_wconf 82' lang='lat' dir='ltr'>peine</span> <span class='ocrx_word' id='word_1_233' title='bbox 513 2474 545 2509; x_wconf 88' lang='lat' dir='ltr'>le</span> <span class='ocrx_word' id='word_1_234' title='bbox 563 2474 619 2509; x_wconf 87' lang='lat' dir='ltr'>roi</span> <span class='ocrx_word' id='word_1_235' title='bbox 640 2473 777 2509; x_wconf 70' lang='lat' dir='ltr'>ctait-il</span> <span class='ocrx_word' id='word_1_236' title='bbox 794 2476 898 2508; x_wconf 67' lang='lat' dir='ltr'>cntrc</span> <span class='ocrx_word' id='word_1_237' title='bbox 914 2473 1004 2508; x_wconf 81' lang='lat' dir='ltr'>dans</span> <span class='ocrx_word' id='word_1_238' title='bbox 1023 2474 1160 2521; x_wconf 68' lang='lat' dir='ltr'>Peglise</span> <span class='ocrx_word' id='word_1_239' title='bbox 1174 2474 1219 2508; x_wconf 82' lang='lat' dir='ltr'>(le</span> <span class='ocrx_word' id='word_1_240' title='bbox 1236 2472 1492 2514; x_wconf 74' lang='lat' dir='ltr'>saint-Alban,</span> 
     </span>
     <span class='ocr_line' id='line_1_31' title="bbox 75 2526 1498 2582; baseline -0.001 -15"><span class='ocrx_word' id='word_1_241' title='bbox 75 2536 316 2581; x_wconf 78' lang='lat' dir='ltr'>accompagne</span> <span class='ocrx_word' id='word_1_242' title='bbox 335 2534 380 2569; x_wconf 89' lang='lat' dir='ltr'>de</span> <span class='ocrx_word' id='word_1_243' title='bbox 395 2546 448 2569; x_wconf 89' lang='lat' dir='ltr'>ses</span> <span class='ocrx_word' id='word_1_244' title='bbox 464 2535 559 2568; x_wconf 77' lang='lat' dir='ltr'>deux</span> <span class='ocrx_word' id='word_1_245' title='bbox 578 2535 711 2577; x_wconf 62' lang='lat' dir='ltr'>freres,</span> <span class='ocrx_word' id='word_1_246' title='bbox 735 2526 1104 2582; x_wconf 70' lang='lat' dir='ltr'>sseuoitet1311·ic,que</span> <span class='ocrx_word' id='word_1_247' title='bbox 1124 2534 1229 2568; x_wconf 78' lang='lat' dir='ltr'>Black</span> <span class='ocrx_word' id='word_1_248' title='bbox 1245 2547 1267 2580; x_wconf 81' lang='lat' dir='ltr'>y</span> <span class='ocrx_word' id='word_1_249' title='bbox 1283 2532 1498 2567; x_wconf 85' lang='lat' dir='ltr'>introduisit</span> 
     </span>
     <span class='ocr_line' id='line_1_32' title="bbox 73 2592 1496 2641; baseline -0.001 -14"><span class='ocrx_word' id='word_1_250' title='bbox 73 2592 124 2628; x_wconf 88' lang='lat' dir='ltr'>les</span> <span class='ocrx_word' id='word_1_251' title='bbox 143 2594 326 2640; x_wconf 75' lang='lat' dir='ltr'>conjures.</span> <span class='ocrx_word' id='word_1_252' title='bbox 345 2595 467 2629; x_wconf 82' lang='lat' dir='ltr'>Canut</span> <span class='ocrx_word' id='word_1_253' title='bbox 487 2595 543 2629; x_wconf 89' lang='lat' dir='ltr'>sut</span> <span class='ocrx_word' id='word_1_254' title='bbox 563 2597 626 2629; x_wconf 78' lang='lat' dir='ltr'>tue</span> <span class='ocrx_word' id='word_1_255' title='bbox 645 2596 749 2641; x_wconf 70' lang='lat' dir='ltr'>apres</span> <span class='ocrx_word' id='word_1_256' title='bbox 771 2607 843 2628; x_wconf 88' lang='lat' dir='ltr'>une</span> <span class='ocrx_word' id='word_1_257' title='bbox 867 2601 994 2628; x_wconf 83' lang='lat' dir='ltr'>courte</span> <span class='ocrx_word' id='word_1_258' title='bbox 1020 2596 1216 2629; x_wconf 76' lang='lat' dir='ltr'>resistance</span> <span class='ocrx_word' id='word_1_259' title='bbox 1240 2594 1304 2641; x_wconf 87' lang='lat' dir='ltr'>qui</span> <span class='ocrx_word' id='word_1_260' title='bbox 1333 2592 1440 2628; x_wconf 67' lang='lat' dir='ltr'>conta</span> <span class='ocrx_word' id='word_1_261' title='bbox 1464 2592 1496 2626; x_wconf 87' lang='lat' dir='ltr'>la</span> 
     </span>
     <span class='ocr_line' id='line_1_33' title="bbox 75 2652 1498 2703; baseline -0.001 -15"><span class='ocrx_word' id='word_1_262' title='bbox 75 2653 129 2688; x_wconf 89' lang='lat' dir='ltr'>vie</span> <span class='ocrx_word' id='word_1_263' title='bbox 145 2656 164 2689; x_wconf 68' lang='lat' dir='ltr'>a</span> <span class='ocrx_word' id='word_1_264' title='bbox 183 2655 311 2689; x_wconf 85' lang='lat' dir='ltr'>Benoit</span> <span class='ocrx_word' id='word_1_265' title='bbox 339 2662 376 2689; x_wconf 87' lang='lat' dir='ltr'>et</span> <span class='ocrx_word' id='word_1_266' title='bbox 396 2657 415 2689; x_wconf 64' lang='lat' dir='ltr'>a</span> <span class='ocrx_word' id='word_1_267' title='bbox 433 2655 610 2703; x_wconf 83' lang='lat' dir='ltr'>quelques</span> <span class='ocrx_word' id='word_1_268' title='bbox 637 2654 790 2689; x_wconf 82' lang='lat' dir='ltr'>officiers</span> <span class='ocrx_word' id='word_1_269' title='bbox 810 2654 856 2689; x_wconf 91' lang='lat' dir='ltr'>de</span> <span class='ocrx_word' id='word_1_270' title='bbox 877 2667 912 2688; x_wconf 81' lang='lat' dir='ltr'>sa</span> <span class='ocrx_word' id='word_1_271' title='bbox 932 2655 1039 2689; x_wconf 87' lang='lat' dir='ltr'>suite.</span> <span class='ocrx_word' id='word_1_272' title='bbox 1072 2655 1181 2697; x_wconf 85' lang='lat' dir='ltr'>Olos,</span> <span class='ocrx_word' id='word_1_273' title='bbox 1209 2654 1297 2701; x_wconf 85' lang='lat' dir='ltr'>qu’il</span> <span class='ocrx_word' id='word_1_274' title='bbox 1319 2654 1413 2687; x_wconf 78' lang='lat' dir='ltr'>avait</span> <span class='ocrx_word' id='word_1_275' title='bbox 1440 2652 1498 2686; x_wconf 90' lang='lat' dir='ltr'>in-</span> 
     </span>
     <span class='ocr_line' id='line_1_34' title="bbox 75 2714 1495 2763; baseline -0.001 -15"><span class='ocrx_word' id='word_1_276' title='bbox 75 2714 162 2749; x_wconf 89' lang='lat' dir='ltr'>vesti</span> <span class='ocrx_word' id='word_1_277' title='bbox 183 2714 481 2761; x_wconf 78' lang='lat' dir='ltr'>precedemment</span> <span class='ocrx_word' id='word_1_278' title='bbox 499 2715 549 2749; x_wconf 90' lang='lat' dir='ltr'>du</span> <span class='ocrx_word' id='word_1_279' title='bbox 567 2715 688 2750; x_wconf 73' lang='lat' dir='ltr'>duche</span> <span class='ocrx_word' id='word_1_280' title='bbox 705 2715 750 2749; x_wconf 83' lang='lat' dir='ltr'>(lc</span> <span class='ocrx_word' id='word_1_281' title='bbox 766 2715 918 2761; x_wconf 81' lang='lat' dir='ltr'>Slcswig</span> <span class='ocrx_word' id='word_1_282' title='bbox 933 2716 1047 2763; x_wconf 86' lang='lat' dir='ltr'>etqui</span> <span class='ocrx_word' id='word_1_283' title='bbox 1066 2728 1102 2749; x_wconf 86' lang='lat' dir='ltr'>se</span> <span class='ocrx_word' id='word_1_284' title='bbox 1123 2715 1283 2750; x_wconf 80' lang='lat' dir='ltr'>trouvait</span> <span class='ocrx_word' id='word_1_285' title='bbox 1300 2725 1433 2749; x_wconf 86' lang='lat' dir='ltr'>encore</span> <span class='ocrx_word' id='word_1_286' title='bbox 1451 2725 1495 2747; x_wconf 89' lang='lat' dir='ltr'>en</span> 
     </span>
     <span class='ocr_line' id='line_1_35' title="bbox 75 2774 1484 2823; baseline 0.001 -15"><span class='ocrx_word' id='word_1_287' title='bbox 75 2774 231 2810; x_wconf 85' lang='lat' dir='ltr'>Flandre</span> <span class='ocrx_word' id='word_1_288' title='bbox 244 2803 252 2818; x_wconf 93' lang='lat'>,</span> <span class='ocrx_word' id='word_1_289' title='bbox 270 2775 322 2811; x_wconf 90' lang='lat' dir='ltr'>lui</span> <span class='ocrx_word' id='word_1_290' title='bbox 344 2776 496 2811; x_wconf 79' lang='lat' dir='ltr'>succeda</span> <span class='ocrx_word' id='word_1_291' title='bbox 515 2783 550 2811; x_wconf 88' lang='lat' dir='ltr'>et</span> <span class='ocrx_word' id='word_1_292' title='bbox 569 2779 679 2823; x_wconf 80' lang='lat' dir='ltr'>regna</span> <span class='ocrx_word' id='word_1_293' title='bbox 695 2776 864 2823; x_wconf 73' lang='lat' dir='ltr'>jusqu’en</span> <span class='ocrx_word' id='word_1_294' title='bbox 889 2776 988 2823; x_wconf 77' lang='lat'>1095.</span> <span class='ocrx_word' id='word_1_295' title='bbox 1481 2810 1484 2813; x_wconf 15' lang='grc' dir='ltr'><em>Δ</em></span> 
     </span>
    </p>

    <p class='ocr_par' dir='ltr' id='par_1_5' title="bbox 123 2829 1493 2880">
     <span class='ocr_line' id='line_1_36' title="bbox 123 2829 1493 2880; baseline -0.001 -12"><span class='ocrx_word' id='word_1_296' title='bbox 123 2835 172 2879; x_wconf 79' lang='lat'>(1)</span> <span class='ocrx_word' id='word_1_297' title='bbox 200 2835 373 2880; x_wconf 77' lang='lat' dir='ltr'>L&#39;abbave</span> <span class='ocrx_word' id='word_1_298' title='bbox 400 2829 633 2880; x_wconf 63' lang='lat' dir='ltr'>d&#39;flvesharn,</span> <span class='ocrx_word' id='word_1_299' title='bbox 660 2836 749 2871; x_wconf 73' lang='lat' dir='ltr'>dans</span> <span class='ocrx_word' id='word_1_300' title='bbox 769 2835 800 2869; x_wconf 83' lang='lat' dir='ltr'>le</span> <span class='ocrx_word' id='word_1_301' title='bbox 820 2838 938 2869; x_wconf 59' lang='lat' dir='ltr'>comm</span> <span class='ocrx_word' id='word_1_302' title='bbox 960 2835 1004 2868; x_wconf 66' lang='lat' dir='ltr'>(le</span> <span class='ocrx_word' id='word_1_303' title='bbox 1027 2836 1062 2865; x_wconf 59' lang='lat' dir='ltr'>U</span> <span class='ocrx_word' id='word_1_304' title='bbox 1080 2841 1251 2876; x_wconf 38' lang='lat' dir='ltr'>ort-festor,</span> <span class='ocrx_word' id='word_1_305' title='bbox 1280 2834 1365 2868; x_wconf 76' lang='lat' dir='ltr'>doni</span> <span class='ocrx_word' id='word_1_306' title='bbox 1394 2833 1493 2867; x_wconf 45' lang='lat' dir='ltr'>l’o&#39;taa</span> 
     </span>
    </p>
   </div>
  </div>
 </body>
</html>
