2033 3445
92 311 163 361 [ix0
180 325 286 348 FEBR.
312 313 432 362 1098]
623 313 776 352 LIBER
806 314 986 352 NONUS.
1431 318 1507 354 527

91 398 399 444 succenturiae
429 398 527 461 (1),
554 415 660 463 quae
695 401 905 464 graviter
936 412 1190 462 coeperunt
1223 400 1511 449 Christianos

93 474 352 538 impellere.
374 474 649 540 Nequibant
670 477 840 524 Franci
860 487 1046 523 tantum
1072 478 1300 542 impetum
1319 491 1390 526 tot
1409 497 1513 526 exa-

91 552 378 598 minatarum
410 554 660 600 nationum
695 556 954 610 sustinere,
978 554 1056 600 sed
1081 555 1339 603 titubantes
1374 575 1510 622 coge-

90 629 265 675 bantur
298 628 483 676 cedere.
512 631 692 677 Tantus
716 632 847 677 enim
872 641 974 677 erat
999 632 1180 679 clamor
1209 644 1256 679 et
1290 636 1511 697 strepitus

89 717 136 753 et
156 707 363 754 telorum
380 707 551 764 imber,
571 719 623 754 ut
645 710 797 772 ipsum
812 710 953 755 etiam
974 708 1317 756 obnubilarent
1334 728 1508 757 aerem.

89 786 326 849 Ingemuit
357 786 686 844 Boamundus,
714 787 794 851 qui
826 786 1036 851 undique
1071 787 1390 851 prospiciebat
1422 790 1508 843 eis,

90 874 315 927 tanquam
334 863 546 910 oculatus
571 874 720 920 totus,
743 873 790 910 et
813 865 877 910 ait
903 884 912 909 :
943 863 1150 923 Christe,
1175 877 1279 912 tuos
1298 878 1511 912 sustenta

95 941 412 988 Christianos.
450 942 514 987 Et
538 941 704 1006 adjecit
733 962 742 986 ε
772 941 1015 987 Rodberle
1033 941 1331 1004 (Rodbertus
1354 944 1505 1008 siqui-

88 1018 223 1076 dem,
246 1019 436 1065 Girardi
463 1019 613 1077 filius,
641 1038 777 1066 suum
800 1019 1037 1066 detulerat
1060 1021 1289 1067 vexillum
1311 1022 1407 1085 (2))
1432 1040 1509 1068 ra-

83 1100 257 1164 pidum
293 1100 568 1147 calcaribus
607 1119 722 1163 urge
762 1101 1092 1167 cornipedem,
1134 1114 1178 1147 et
1221 1102 1508 1149 Christianis

89 1178 400 1225 titubantibus
421 1182 760 1243 imperterritus
784 1180 1127 1243 estojuvamen
1144 1182 1160 1225 l
1185 1181 1371 1226 llIemor
1387 1191 1506 1238 esto,

84 1274 272 1321 precor,
294 1269 547 1321 parentum
563 1269 829 1304 nostrorum
847 1294 858 1313 ,
881 1269 925 1304 et
942 1275 1001 1303 ne
1019 1257 1289 1304 lividaveris
1308 1259 1512 1304 rutilan—

91 1346 180 1381 tem
221 1335 409 1380 titulum
432 1336 768 1381 Francorum!
795 1335 930 1381 Scito
957 1334 1092 1381 nobis
1125 1335 1255 1381 illico
1286 1335 1346 1382 de
1376 1336 1509 1381 coelis

90 1414 337 1459 auxilium
343 1413 593 1476 futurum.
618 1413 718 1460 Sed
740 1414 843 1460 vult
864 1414 999 1460 Deus
1021 1425 1070 1459 ut
1089 1431 1200 1470 ηας,
1222 1412 1510 1476 ‘velutfortes

91 1490 296 1545 athleta),
311 1508 678 1556 promereamur
696 1502 740 1537 et
757 1491 1094 1556 adipiscamur
1116 1491 1351 1537 bravium.
1375 1491 1509 1537 Rod*

90 1567 279 1625 bertus,
320 1579 493 1614 sanctae
531 1569 682 1615 crucis
715 1569 850 1632 signo
874 1570 1109 1625 munitus,
1137 1579 1183 1615 et
1204 1569 1510 1616 auxiliaribus

90 1646 344 1708 manipulis
365 1646 676 1709 constipatus,
702 1646 894 1692 festinus
918 1645 1078 1704 affuit,
1104 1657 1151 1692 et
1175 1647 1511 1693 cruentissimis

91 1722 258 1769 Turcis
291 1722 620 1770 audacissimus
648 1723 786 1770 miles
808 1722 1011 1769 obstitit.
1052 1722 1185 1769 Adeo
1209 1723 1413 1787 perfidos
1435 1742 1511 1788 ag-

92 1817 274 1866 gressus
297 1812 393 1857 est,
418 1812 471 1847 ut
494 1801 653 1847 vexilli
683 1799 946 1847 Boamundi
973 1800 1174 1864 lingulas
1202 1801 1248 1846 in
1274 1818 1356 1846 ora
1393 1802 1511 1847 Tur-

93 1896 261 1927 corum
283 1879 486 1926 volitare
507 1880 705 1935 faceret,
733 1879 925 1942 altoque
954 1878 1161 1924 clamore
1183 1893 1267 1924 suo
1290 1878 1511 1942 aliquan-

94 1957 248 2003 tulum
306 1957 489 2004 Turcos
551 1956 833 2003 deterreret.
890 1954 965 2000 Ad
1018 1954 1142 2000 illius
1202 1954 1512 2018 primipilaris

96 2034 323 2098 impetum
348 2044 395 2080 et
424 2034 575 2080 altum
601 2034 858 2081 clamorem
883 2033 1051 2078 Franci
1084 2032 1265 2078 animos
1290 2049 1510 2097 resump—

95 2121 283 2168 serunt,
318 2121 365 2157 et
397 2111 446 2157 in
482 2111 665 2158 Turcos
700 2110 990 2157 unanimiter
1024 2110 1291 2156 irruerunt.
1332 2109 1510 2174 Fragor

95 2205 339 2235 armorum
372 2189 551 2235 multus
585 2199 713 2245 erat,
743 2198 789 2234 et
818 2187 877 2233 ab
911 2187 1045 2233 aereis
1071 2186 1322 2233 cassidibus
1345 2187 1509 2233 elucu-

95 2264 258 2312 bratus
297 2266 417 2330 ignis
454 2263 758 2312 scintillabat.
797 2264 1007 2311 Vulnera
1049 2263 1327 2311 vulneribus
1364 2262 1512 2309 illide-

95 2341 237 2401 bant,
261 2353 309 2389 et
325 2344 479 2407 campi
507 2343 659 2389 nimio
682 2341 909 2405 sanguine
932 2340 1339 2404 purpurabantur.
1369 2341 1512 2387 Intes-

97 2421 194 2467 tina
217 2420 400 2468 videres
422 2420 754 2485 dependentia,
775 2437 890 2467 caesa
910 2419 1079 2482 capita,
1102 2428 1270 2465 trunca
1288 2435 1505 2482 corpora,

97 2499 265 2562 passim
289 2499 582 2564 oppetentia.
608 2498 752 2544 Turci
785 2498 941 2562 itaque
975 2496 1147 2544 timore
1171 2497 1321 2543 nimio
1347 2507 1509 2543 exter-

145 2706 194 2750 (1)
214 2705 261 2740 Le
281 2716 386 2751 corps
403 2704 448 2738 de
466 2706 607 2739 reserve
625 2703 687 2738 des
705 2704 835 2738 Turcs.

145 2763 195 2808 (2)
223 2764 269 2797 Le
288 2763 447 2809 drapeau
467 2762 511 2797 de
534 2761 721 2797 Boemond
743 2762 831 2796 etait
851 2773 983 2809 rouge,
1009 2773 1151 2796 comme
1175 2762 1207 2796 le
1231 2761 1390 2807 drapeau
1415 2761 1509 2795 Nor—

102 2821 209 2856 mand
228 2829 264 2857 et
280 2822 312 2856 le
330 2822 487 2868 drapeau
509 2822 731 2856 scandinave
752 2837 756 2854 τ
782 2821 967 2855 Vexillum
988 2821 1199 2856 Boamnmli
1213 2820 1465 2856 rubicmalmn.
