2033 3445
138 303 409 349 {xV1110-xxvi‘2
428 310 516 335 nov.
535 297 653 345 1095]
684 293 836 332 LIBER
865 293 1043 332 NONUS.
1461 293 1537 333 467

138 386 389 449 ipsamque
426 381 724 437 Jerusalem,
760 379 982 445 sepulcro
1019 378 1196 426 Christi
1231 379 1460 439 nobilem,
1499 392 1543 427 et

137 461 264 507 alias
287 459 449 525 plu-res
491 460 872 505 Christianorum
908 456 1043 503 urbes
1078 458 1373 515 invaserant,
1402 459 1544 522 jam-

140 555 228 601 que
269 540 526 582 immensas
566 537 692 581 vires
729 537 779 579 in
814 551 961 597 regno
1005 533 1280 579 Graecorum
1316 535 1547 581 extende-

141 625 249 660 rant
264 636 284 669 ,-
329 614 653 660 Palaestinam
696 622 740 657 et
787 610 824 656 S
815 612 983 672 friam
1019 628 1183 656 secure
1212 611 1514 675 possidentes
1531 651 1544 669 ,

141 709 264 756 quas
319 691 416 736 sibi
455 691 567 754 jam
608 688 1011 752 subjugaverant,
1052 687 1282 735 basilicas
1334 688 1552 735 destrue-

141 768 277 824 bant,
307 778 350 812 et
373 765 668 811 Christianos
690 775 740 810 ut
759 763 969 810 bidentes
980 763 1296 829 perimebant.
1322 769 1381 810 In
1400 765 1552 810 eccle-

141 846 225 891 siis
241 882 257 902 ,
303 845 352 889 in
393 842 563 907 quibus
604 841 768 888 divina
813 841 929 888 olim
972 859 1005 887 a
1032 841 1268 906 fidelibus
1309 842 1554 905 sacrificia

140 921 382 970 celebrata
409 932 540 978 sunt,
571 919 752 966 etlmici
774 919 1068 965 animalibus
1094 921 1195 966 suis
1224 919 1418 966 stabula
1444 937 1556 983 ege-

145 1010 255 1046 runt
265 1037 280 1057 ,
303 1017 418 1045 suas
440 999 585 1044 etiam
608 998 965 1062 superstitiones
988 1008 1031 1042 et
1054 997 1329 1043 idolatriam
1349 996 1556 1043 colloca-

144 1088 329 1134 verunt,
349 1088 392 1122 et
414 1076 727 1122 christianam
748 1075 1028 1138 religionem
1047 1075 1108 1120 ab
1126 1075 1246 1121 aula
1264 1075 1370 1121 Deo
1388 1075 1556 1120 dicata

143 1156 343 1219 turpiter
359 1153 734 1199 eliminaverunt.
755 1153 797 1196 P
803 1152 978 1209 raalio,
1001 1151 1287 1199 Sanctorum
1301 1150 1557 1216 stipendiis

145 1231 337 1289 dedita,
365 1241 409 1277 et
435 1230 660 1277 nobilium
676 1231 976 1294 patrimonia
989 1267 1003 1287 ,
1023 1229 1348 1275 sustentandis
1366 1245 1559 1293 paupe-

145 1308 272 1355 ribus
297 1307 599 1363 contradita,
613 1324 831 1370 pagana)
852 1306 1454 1370 tyrannidisubjiciuntur5
1474 1308 1559 1350 eis-

145 1404 252 1450 que,
280 1388 329 1432 in
340 1386 558 1450 propriis
581 1386 742 1431 usibus
762 1384 988 1440 redactis,
1009 1384 1193 1430 domini
1207 1383 1424 1430 crudeles
1441 1383 1560 1429 abu-

146 1475 323 1509 tuntur.
344 1463 643 1526 immassant
663 1464 712 1508 in
727 1462 1042 1525 longinquam
1063 1460 1332 1507 barbariem
1344 1461 1558 1525 captivos

146 1542 480 1598 abduxerunt,
508 1552 550 1586 et
575 1539 686 1586 loris
711 1541 908 1585 innexos
925 1539 1085 1602 jugis,
1112 1538 1353 1584 ruralibus
1383 1539 1561 1584 exerci-

145 1621 223 1665 tiis
249 1619 526 1665 submittunt
535 1641 553 1674 ,·
578 1619 787 1681 ipsisque
807 1617 954 1663 veluti
973 1616 1115 1663 bobus
1136 1627 1302 1662 aratra
1324 1615 1561 1662 laboriose

141 1695 552 1761 pertrahentibus,
581 1713 697 1741 arva
727 1693 1066 1758 proscindunt,
1105 1693 1310 1756 aliisque
1341 1692 1560 1739 belluinis

146 1771 368 1837 operibus
394 1771 657 1817 inhumane
678 1770 914 1827 subdunt,
939 1768 1181 1833 quoeseris
1194 1806 1208 1826 ,
1230 1787 1323 1814 non
1348 1769 1558 1815 homini-

145 1851 230 1895 bus
256 1860 543 1914 competunt.
570 1854 700 1894 Inter
722 1847 826 1893 lucc
848 1849 1045 1893 assidue
1075 1847 1365 1892 desudantes
1371 1846 1559 1908 flagris

148 1927 419 1982 verberant,
442 1926 625 1972 {iculeis
649 1924 895 1970 stimulant
905 1961 920 1981 ,
947 1935 989 1969 et
1014 1924 1273 1969 innumeris
1295 1921 1560 1986 infestatio-

146 2003 290 2062 nibus
300 2000 477 2060 fratres
510 2013 696 2047 nostros
733 2000 1126 2047 abominabiliter
1149 2001 1471 2065 mancipiant.
1499 2005 1558 2045 ln

147 2080 252 2127 sola
282 2098 394 2126 vero
417 2078 591 2143 Africa
616 2096 723 2125 xcvi
756 2082 1054 2142 episcopatus
1079 2077 1310 2123 destructi
1336 2087 1469 2133 sunt,
1498 2078 1559 2121 si-

149 2169 228 2203 cut
247 2159 379 2204 nobis
400 2158 512 2203 inde
536 2159 771 2203 venientes
792 2155 996 2219 afferunt
1014 2157 1033 2218 (
1047 2174 1054 2200 ι
1068 2156 1102 2217 )

150 2350 264 2395 phore
300 2350 512 2391 Melissene,
547 2362 592 2383 en
629 2350 731 2390 1050,
768 2356 803 2382 et
834 2348 1015 2382 Antioche
1046 2360 1110 2393 par
1138 2347 1171 2381 le
1200 2347 1254 2381 fils
1280 2346 1325 2381 de
1354 2347 1558 2385 Philarete„

151 2421 193 2442 en
222 2407 322 2444 1085.

200 2470 251 2510 (i)
274 2467 394 2501 Parmi
414 2467 463 2500 les
487 2467 688 2500 nonibreux
711 2467 873 2500 discours
893 2478 963 2512 que
986 2466 1034 2499 les
1056 2466 1251 2500 historiens
1269 2465 1313 2499 «le
1334 2465 1363 2498 la
1384 2467 1563 2511 premiere

157 2525 318 2560 croisade
342 2526 543 2560 attribuent
568 2528 585 2559 ii
609 2525 750 2559 Urbain
772 2526 825 2567 ll,
852 2525 1012 2570 pendant
1032 2525 1064 2559 le
1085 2525 1223 2559 concile
1243 2525 1288 2558 de
1308 2525 1516 2566 Clerinont,
1540 2525 1563 2557 il

154 2597 177 2630 y
198 2597 243 2619 en
263 2599 281 2619 a
303 2587 391 2620 trois
409 2586 471 2632 qui
498 2587 696 2631 paraissent
715 2585 986 2631 authentiques.
1011 2585 1057 2618 Le
1077 2586 1249 2630 premier,
1276 2585 1339 2631 qui
1365 2591 1418 2618 cst
1446 2584 1565 2630 piutot

158 2657 207 2679 un
242 2646 423 2691 fragment
454 2646 687 2680 d'allocution
723 2645 887 2679 adresse'e
919 2644 1257 2690 pai·ticulii'÷r‹›ment
1293 2656 1361 2678 aux
1398 2644 1566 2688 Franqais

157 2705 270 2751 qu'un
292 2705 456 2739 discours
480 2706 655 2751 complet,
681 2718 699 2739 a
724 2707 781 2739 ete
803 2706 973 2738 conservi}
997 2717 1060 2750 par
1085 2704 1226 2738 Robert
1246 2703 1291 2737 de
1314 2702 1563 2743 sai11t-Re1ni3

159 2763 192 2797 le
218 2765 349 2799 second
380 2778 444 2811 par
472 2765 626 2807 Baudri3
656 2764 687 2798 le
711 2764 897 2798 troisieme
922 2776 985 2809 par
1013 2763 1225 2797 Guillauine
1245 2762 1290 2796 de
1315 2761 1402 2807 Tyr.
1429 2760 1490 2795 On
1515 2760 1567 2794 les

160 2829 326 2858 trouvcra
352 2825 475 2859 reunis
502 2824 590 2859 dans
615 2824 647 2859 la
668 2823 858 2858 collection
889 2822 1055 2869 generale
1080 2822 1142 2856 des
1169 2820 1342 2863 conciles,
1367 2820 1459 2854 aussi
1482 2819 1565 2853 bien
