2085 3455
583 318 660 356 378
948 316 1192 355 HISTORIA
1225 315 1626 354 ECCLESIASTICA.
1855 322 1990 373 [1091]

582 403 815 450 Henricus
841 419 956 450 vero
971 440 982 461 ,
1012 405 1120 468 quia
1147 405 1360 467 ingentes
1383 404 1597 468 querelas
1620 414 1786 451 contra
1810 415 1993 453 utrum-

581 498 672 545 que
706 482 902 528 fratrem
926 481 1201 545 promebat,
1231 492 1508 545 partemque
1543 480 1601 528 de
1637 482 1790 545 ampla
1814 499 1990 545 posses-

580 559 711 606 sione
730 558 967 624 magnifici
988 561 1132 623 patris
1155 560 1223 605 sui
1248 558 1546 623 requirebat,
1573 559 1651 606 sed
1672 576 1838 607 eorum
1862 571 1995 608 tena-

583 636 722 683 citate
748 636 949 682 nimium
984 636 1271 699 perdurante
1307 636 1375 682 nil
1404 635 1710 699 impetrabat,
1737 640 1996 701 aggregatis

581 713 859 760 Britonibus
883 724 930 760 et
953 713 1269 771 Normannis,
1302 714 1628 760 Constantiam
1660 724 1708 760 et
1737 713 1993 773 Abrincas,

583 790 767 854 aliaque
792 788 964 853 oppida
990 790 1222 847 munivit,
1251 800 1297 835 et
1323 789 1380 835 ad
1413 790 1726 836 resistendum
1750 791 1860 837 totis
1884 791 1998 837 nisi·-

581 867 668 913 bus
688 867 962 913 insurrexit.
983 866 1163 913 Verum
1179 868 1336 931 Hngo,
1356 867 1613 915 Cestrensis
1632 885 1806 925 comes,
1828 868 1998 933 aliique

582 947 814 1001 fautores,
855 945 953 1009 ejus
984 955 1313 1008 paupertatem
1344 944 1715 1009 perpendentes,
1745 956 1791 992 et
1825 946 1999 1009 amplas

583 1037 694 1084 opes
720 1020 1082 1085 terribilemque
1102 1022 1365 1085 potentiam
1381 1021 1624 1068 Guillelmi
1647 1022 1771 1086 regis
1792 1032 2001 1068 metuen-

585 1109 676 1155 tes,
699 1099 944 1162 egregium
967 1098 1196 1145 clitonem
1218 1098 1264 1144 in
1282 1098 1455 1146 bellico
1475 1116 1652 1163 angore
1672 1098 1997 1155 deseruerunt,

584 1187 631 1222 et
663 1177 923 1240 municipia
959 1194 1036 1223 sua
1071 1178 1173 1242 regi
1211 1176 1526 1224 tradiderunt.
1567 1178 1621 1224 In
1663 1177 1820 1224 medio
1861 1177 2004 1242 igitur

585 1254 958 1320 quadragesimae
986 1256 1083 1318 (1),
1113 1255 1395 1302 Guillelmus
1427 1271 1510 1301 rex
1541 1266 1588 1301 et
1616 1254 1885 1301 Rodbertus
1911 1253 2004 1300 dux

585 1333 806 1380 Montem
843 1334 891 1379 S.
926 1333 1169 1380 Michaelis
1208 1333 1523 1390 obsederunt,
1550 1333 1711 1397 ibique
1748 1332 2005 1378 Henricum

585 1411 783 1457 fratrem
806 1429 943 1457 suum
965 1411 1263 1457 incluserunt
1277 1447 1289 1467 ,
1316 1422 1363 1458 et
1384 1412 1480 1458 sere
1506 1428 1569 1457 XV
1591 1409 1755 1457 diebus
1772 1427 1878 1456 eum
1900 1426 2006 1456 cum

587 1490 680 1535 suis
704 1506 839 1553 aquae
866 1489 1064 1552 penuria
1088 1490 1294 1535 maxime
1330 1500 1660 1536 coercuerunt.
1695 1491 1847 1535 Porro
1883 1487 2007 1534 calli·

587 1565 674 1612 dus
688 1567 899 1630 juvenis,
927 1566 1042 1612 dum
1064 1567 1129 1613 sic
1150 1585 1174 1612 a
1192 1566 1418 1613 fratribus
1434 1568 1531 1613 suis
1556 1577 1894 1624 coarctaretur,
1920 1576 1966 1611 et
1983 1583 2007 1612 a

589 1643 803 1708 cognatis
837 1655 977 1709 atque
1012 1645 1173 1690 amicis
1197 1655 1243 1690 et
1269 1644 1602 1691 confoederatis
1626 1643 1840 1691 affinibus
1863 1643 2010 1689 undi-

591 1738 682 1786 que
696 1721 1049 1778 destitueretur,
1074 1733 1119 1768 et
1136 1722 1419 1769 multimoda
1440 1739 1559 1786 pene
1577 1723 1817 1779 omnium,
1840 1721 2010 1787 quibus

591 1798 806 1845 homines
831 1798 1073 1863 indigent,
1099 1799 1250 1846 inedia
1275 1811 1548 1863 angeretur,
1573 1799 1834 1863 prudenter
1855 1816 2009 1846 secum

593 1887 818 1935 tractans,
837 1877 993 1924 varios
1008 1878 1284 1924 mortalium
1303 1896 1432 1924 casus
1447 1877 1791 1942 praecogitavit,
1812 1888 1858 1924 et
1872 1879 2010 1924 infru-

592 1955 697 2001 nito
721 1954 901 2019 impetu
926 1955 1249 2018 pessumdato,
1280 1973 1375 2002 sese
1398 1955 1456 2002 ad
1475 1956 1673 2003 meliora
1696 1966 1907 2019 tempora
1931 1972 2010 2001 re·

594 2049 780 2079 servare
801 2032 1029 2079 decrevit.
1057 2032 1284 2079 Liberum
1317 2033 1507 2080 tandem
1531 2032 1645 2090 sibi,
1671 2033 1901 2098 sociisque
1921 2033 2010 2079 suis

594 2111 774 2156 exitum
796 2110 854 2157 de
877 2112 1042 2157 Monte
1067 2112 1126 2158 ab
1150 2111 1477 2158 obsidentibus
1498 2113 1730 2176 poposcit.
1758 2112 1832 2158 Illi
1856 2111 2009 2158 admo·

594 2187 709 2234 dum
732 2189 877 2253 gavisi
909 2200 1045 2246 sunt,
1082 2190 1329 2254 ipsumque
1361 2208 1469 2237 cum
1504 2189 1635 2236 omni
1671 2200 1900 2253 apparatu
1930 2205 2011 2235 suo

594 2265 755 2330 egredi
790 2266 1054 2314 honorifice
1086 2267 1407 2330 permiserunt
1439 2268 1529 2330 (2).
1566 2267 1797 2313 Henricus
1830 2266 2007 2331 itaque,

645 2466 696 2511 (1)
718 2467 765 2501 Le
788 2467 932 2502 careme
956 2480 1185 2515 connnenqa,
1209 2479 1254 2502 en
1279 2480 1378 2515 1091,
1399 2467 1433 2502 le
1452 2467 1497 2501 26
1517 2467 1662 2509 fevi-ier,
1687 2474 1723 2501 ct
1748 2478 1784 2500 se
1804 2468 1957 2501 termina
1981 2465 2011 2500 le

604 2524 644 2560 13
662 2525 764 2559 avril.

643 2585 694 2630 (2)
719 2585 770 2620 Ce
794 2585 889 2620 recit
911 2585 962 2620 du
986 2586 1084 2635 siege
1106 2586 1157 2621 du
1182 2586 1574 2622 Mont-Saint-Michel
1593 2599 1658 2633 par
1685 2586 1719 2621 le
1739 2587 1794 2621 roi
1823 2593 1860 2621 et
1876 2585 1909 2620 le
1923 2584 2010 2627 duc,

600 2645 704 2680 laisse
722 2645 912 2692 beaucoup
929 2648 950 2681 a
965 2646 1116 2682 desirer.
1137 2648 1236 2682 Pour
1250 2647 1283 2682 le
1302 2646 1515 2694 completer,
1535 2646 1560 2681 il
1575 2647 1654 2681 faut
1669 2646 1833 2681 recourir
1846 2648 1865 2680 a
1881 2645 2010 2686 WVace,

602 2712 640 2739 et
663 2712 809 2740 surtout
832 2707 851 2740 ἐι
876 2706 1028 2742 Florent
1046 2707 1090 2741 de
1111 2708 1325 2742 Worcester
1347 2714 1384 2742 et
1405 2709 1424 2741 a
1450 2706 1662 2742 Guillaume
1687 2706 1732 2741 de
1758 2705 2011 2749 Malmesbury.

604 2765 652 2799 Le
676 2765 837 2811 premier
862 2777 954 2799 nous
971 2766 1135 2813 apprcnd
1158 2766 1447 2814 l'eniplaccxncnt
1466 2766 1528 2801 des
1549 2765 1643 2800 deux
1660 2777 1766 2812 corps
1785 2764 1959 2807 d'armc'e,
1983 2760 2013 2795 le

604 2824 737 2859 second
756 2824 788 2860 lc
807 2824 934 2871 depart
955 2825 999 2860 dc
1016 2826 1248 2871 Guillaumc,
1275 2828 1418 2872 cnnuje
1445 2826 1489 2861 de
1516 2826 1546 2861 la
1570 2826 1750 2871 longueur
1770 2824 1819 2859 du
1843 2823 1958 2868 siege3
1982 2820 2012 2854 lc
