2085 3455
625 380 701 419 450
986 380 1227 419 HISTORIA
1261 380 1663 417 ECCLESIASTICA.
1752 384 1783 429 [1
1800 384 2021 434 loa-1122]

620 467 993 531 neophytorum,
1019 478 1163 531 prout
1185 466 1270 512 sibi
1297 466 1495 530 placuit,
1519 467 1806 529 amplexatus
1829 477 1913 512 est.
1940 468 2023 515 Hic

620 544 885 592 eruditione
908 545 1172 591 litterarum
1202 555 1302 591 erat
1327 545 1538 607 apprime
1572 543 1805 599 imbutus,
1836 545 2025 591 sortitu-

617 622 726 669 dine
755 641 808 669 ac
834 623 1045 669 facundia
1078 621 1328 685 praeditus,
1363 632 1409 667 et
1437 620 1493 666 ad
1518 620 1854 684 proferendum
1888 622 2026 685 quid-

618 699 730 764 quid
758 699 968 754 volebat‚
996 700 1252 753 animosus;
1279 716 1375 745 non
1399 716 1597 761 parcens
1621 699 1667 744 in
1689 699 1904 761 populari
1925 715 2026 746 Ser-

618 794 761 824 mone
801 776 972 823 infimis
1011 793 1096 822 uec
1139 775 1443 839 potentibus,
1481 777 1608 839 quasi
1654 775 1761 821 tuba
1799 775 2028 822 exaltabat

619 871 780 901 vocem
806 872 934 899 suam
972 854 1100 917 juxta
1138 854 1266 899 Isaiae
1296 854 1596 907 vaticinium,
1631 853 1915 898 annuntians
1944 870 2027 916 po-

618 932 731 995 pulo
756 931 1014 978 christiano
1031 931 1205 977 scelera
1222 947 1412 987 eorum,
1434 942 1479 976 et
1495 930 1657 976 domui
1679 930 1827 977 Jacob
1844 942 2026 994 peccata

618 1025 784 1055 eorum
805 1009 894 1071 (1).
917 1008 1064 1072 Reges
1092 1008 1236 1071 igitur
1258 1007 1489 1072 ducesque
1514 1006 1855 1053 reverebantur
1875 1008 2023 1053 illum.

614 1086 776 1132 Plures
796 1084 949 1131 turbae
971 1084 1270 1131 manicabant
1293 1096 1346 1130 ut
1367 1084 1585 1131 audirent
1606 1084 1747 1131 verba
1770 1086 1891 1149 ejus;
1921 1102 2024 1148 quae

615 1163 942 1225 postmodum,
964 1162 1132 1208 auditis
1161 1162 1219 1208 ab
1238 1163 1321 1209 illo
1349 1163 1551 1208 latenter
1573 1163 1688 1209 olim
1713 1163 1825 1208 actis
1847 1162 2025 1209 facino—

615 1239 775 1299 ribus,
815 1239 1040 1304 lugubres
1082 1251 1128 1286 et
1166 1241 1369 1287 consusae
1411 1239 1630 1286 redibant
1665 1258 1687 1285 a
1724 1240 1837 1286 facie
1869 1241 2022 1303 ipsius.

614 1316 778 1364 Omnis
798 1316 917 1364 ordo
944 1318 1223 1364 intrinsecus
1248 1317 1547 1382 pungebatur
1569 1319 1664 1382 ejus
1686 1317 1901 1364 veridicis
1924 1318 2029 1364 alle—

613 1395 898 1459 gationibus.
926 1395 1090 1442 Omnis
1118 1394 1251 1459 plebs
1275 1395 1670 1442 contremiscebat
1689 1412 1849 1441 coram
1871 1395 1951 1440 illo
1970 1394 2024 1440 ad

610 1473 935 1536 correptiones
958 1475 1080 1537 ejus,
1112 1484 1157 1519 et
1186 1485 1385 1537 uterque
1411 1490 1567 1529 sexus,
1594 1472 1773 1519 rubore
1800 1472 2019 1528 infectUS,

611 1549 1018 1597 verecundabatur
1059 1549 1116 1596 ad
1157 1551 1445 1614 improperia
1488 1551 1628 1596 illius.
1670 1549 1807 1595 Nuda
1850 1550 2025 1614 quippe

613 1627 724 1672 vitia
742 1626 986 1673 manifeste
1005 1627 1275 1690 premebat,
1301 1639 1347 1673 et
1367 1629 1666 1675 occultorum
1685 1628 1894 1674 conscios
1915 1643 2025 1690 pro-

611 1704 763 1751 brosis
795 1704 1213 1769 redargutionibus
1245 1706 1532 1752 stimulabat.
1577 1706 1651 1751 Sic
1684 1707 1911 1751 nimirum
1946 1722 2025 1750 su-

611 1781 784 1845 perbos
815 1781 1012 1828 athletas
1042 1793 1088 1828 et
1124 1782 1379 1829 indomitos
1410 1783 1539 1846 vulgi
1570 1794 1721 1828 coetus
1750 1783 2026 1846 plerumque

611 1858 983 1923 comprimebat,
1010 1870 1151 1923 atque
1175 1859 1432 1923 locupletes
1458 1859 1617 1916 heras,
1645 1859 1802 1905 sericis
1824 1858 2025 1905 vestibus

609 1946 657 1982 et
692 1935 940 1982 Canusinis
980 1935 1180 1999 pellibus
1216 1937 1286 1999 (2)
1324 1935 1520 1982 delicate
1548 1935 1755 1992 indutas,
1795 1934 2025 1998 trepidare

609 2012 832 2077 cogebat,
862 2012 977 2059 dum
1006 2012 1138 2059 verbi
1169 2013 1251 2059 Dei
1277 2013 1434 2077 gladio
1463 2014 1508 2059 in
1538 2014 1707 2060 scelera
1740 2014 1952 2069 saeviret,
1981 2024 2025 2059 et

609 2089 844 2153 spurcitiis
874 2089 1078 2153 pollutas
1111 2091 1418 2137 conscientias
1447 2089 1581 2137 valde
1610 2091 1798 2147 feriret,
1829 2090 2024 2154 grandi-
2082 2080 2085 2104 ⁵

609 2184 820 2233 sonoque
860 2167 1033 2213 divinae
1082 2168 1502 2215 animadversionis
1547 2169 1762 2215 tonitruo
1804 2179 2020 2214 terreret.

610 2245 766 2292 Solers
809 2245 965 2310 itaque
1003 2245 1365 2292 seminiverbius
1402 2246 1563 2291 multis
1602 2247 1803 2309 profuit,
1851 2245 2022 2291 multos
2079 2298 2082 2310 ³

610 2339 769 2370 secum
784 2324 1078 2387 aggregavit,
1102 2324 1148 2369 in
1168 2323 1411 2379 coenobio,
1435 2323 1560 2388 quod
1575 2334 1920 2378 construxerat,
1941 2339 2021 2385 per
2079 2311 2081 2346 ἕ

609 2417 758 2446 annos
778 2416 846 2446 vu
873 2400 945 2463 (3)
973 2400 1072 2447 Deo
1093 2401 1338 2457 militavit,
1363 2411 1408 2447 et
1433 2418 1578 2465 usque
1598 2400 1654 2446 ad
1676 2401 1858 2447 bonum
1882 2401 2020 2447 finem
2078 2407 2080 2442 l

610 2476 749 2524 bonae
788 2477 898 2523 vitoe
934 2478 1208 2541 permansit.
1249 2481 1302 2524 Iu
1340 2479 1551 2525 oratorio
1592 2489 1698 2541 post
1735 2479 2018 2542 aliquantam
2077 2487 2079 2517 ἱ

610 2553 974 2618 aegritudiuem,
1026 2556 1074 2601 in
1115 2573 1206 2619 qua
1249 2554 1451 2602 fideliter
1488 2557 1718 2602 consessus
1759 2556 1935 2608 suerat,
1975 2564 2018 2600 et
2076 2550 2079 2606 ζ

656 2687 708 2732 (1)
727 2687 840 2728 Isa'ie‚
861 2698 965 2729 tvm,
992 2700 1019 2721 1.

657 2742 707 2787 (2)
720 2742 784 2776 Les
799 2748 999 2787 troupcaux
1013 2742 1074 2777 (les
1088 2743 1258 2777 environs
1273 2742 1317 2777 de
1332 2742 1474 2777 Canuse
1485 2771 1493 2785 ‚
1510 2742 1591 2777 ville
1607 2742 1697 2777 dela
1712 2742 1870 2785 Pouille,
1888 2743 2018 2776 etaient
2073 2769 2075 2791 3

609 2801 769 2836 celebres
794 2801 882 2835 dans
905 2801 1108 2849 l'antiquite
1138 2814 1230 2849 pour
1257 2801 1289 2836 la
1314 2802 1440 2837 finesse
1466 2802 1510 2837 de
1535 2801 1629 2836 leurs
1655 2802 1811 2846 toisons,
1840 2814 1921 2836 avec
1948 2801 2015 2834 les-
2074 2795 2075 2799 ¹

611 2859 747 2907 quelles
766 2871 812 2893 on
832 2858 1029 2906 fabriquait
1049 2859 1110 2894 des
1128 2860 1250 2894 etoffes
1269 2860 1519 2895 recherchees.

657 2917 708 2964 (5)
728 2918 827 2953 Nous
845 2930 999 2966 pensons
1016 2919 1106 2965 qu’il
1125 2919 1202 2954 saut
1218 2919 1284 2953 lire
1302 2936 1308 2954 r
1328 2932 1414 2954 xvii.
