2085 3455
590 320 666 359 448
958 321 1202 361 HISTORIA
1235 321 1636 361 ECCLESIASTICA.

590 407 684 454 lem
717 407 892 471 Papam
920 425 1010 471 pro
1049 408 1270 455 libertate
1309 408 1540 472 litigavit3
1580 409 1856 472 ipsumque,
1893 411 1998 474 quia

590 485 856 548 plenarium
871 484 956 532 sibi
977 482 1160 533 rectum
1179 503 1276 531 non
1292 486 1481 542 fecerat,
1503 485 1559 531 ad
1575 486 1789 532 divinum
1807 502 2000 535 examen

590 564 885 626 provocavit.
934 564 1073 628 Cujus
1107 562 1454 610 formidandam
1496 564 1842 610 animositatem
1881 565 2000 628 Papa

592 639 822 684 reveritus
842 650 932 696 est,
953 639 1223 703 ipsumque,
1244 650 1295 684 ut
1313 656 1470 686 secum
1488 638 1545 684 ad
1562 639 1792 686 Romanae
1809 639 2001 687 tutelam

592 715 797 762 ecclesiae
826 726 1223 773 commoraretur,
1256 727 1468 780 precatus
1493 727 1574 763 est.
1616 717 1700 763 llle
1724 733 1838 763 vero
1860 735 2004 764 mun-

593 792 735 839 danas
757 793 955 840 omnino
976 812 1110 840 curas
1138 793 1342 840 deseruit
1365 795 1461 858 (ι),
1497 805 1543 840 et
1568 795 1704 858 plura
1719 830 1732 851 ,
1767 812 1873 840 cum
1896 795 2005 859 qui-

595 870 792 917 busdam
817 871 1049 934 religiosis
1073 870 1298 917 fratribus
1325 872 1478 934 ipsum
1512 871 1645 918 avide
1675 871 2002 936 sequentibus,

596 949 698 994 loca
719 949 791 1011 (2)
811 948 1133 1011 perlustravit.
1155 949 1383 1013 Denique,
1401 960 1506 1013 post
1522 950 1680 1013 plures
1699 950 1935 1007 circuitus,
1951 948 2006 996 ad

597 1024 918 1070 venerabilem
956 1025 1227 1089 episcopum
1271 1027 1464 1073 Ivonem
1505 1026 1727 1085 divertit,
1773 1037 1820 1073 et
1858 1025 1916 1071 ab
1955 1043 2009 1073 eo

599 1101 871 1166 benigniter
904 1114 1169 1166 susceptus,
1197 1104 1243 1149 in
1272 1102 1455 1167 praedio
1478 1104 1779 1150 Carnotensis
1807 1103 2009 1150 ecclesiae

601 1196 709 1224 cum
726 1178 952 1225 fratribus
971 1179 1247 1243 quibusdam
1270 1181 1504 1237 constitit,
1528 1191 1574 1227 et
1592 1182 1641 1227 in
1663 1181 1767 1227 loco
1786 1181 2008 1236 silvestri,

601 1256 682 1319 qui
707 1255 857 1301 Tiron
881 1255 1072 1314 dicitur,
1101 1256 1379 1304 coenobium
1404 1259 1451 1304 in
1477 1257 1658 1304 honore
1679 1258 1836 1304 Sancti
1860 1257 2012 1303 Salva-

603 1334 721 1380 toris
756 1335 1039 1380 construxit.
1078 1336 1196 1381 Illuc
1233 1335 1491 1383 multitudo
1528 1335 1738 1382 fidelium
1773 1335 2014 1400 utriusque

603 1410 785 1457 ordinis
816 1410 1002 1458 abunde
1037 1412 1290 1470 confluxit,
1328 1424 1374 1459 et
1405 1412 1659 1477 praedictus
1690 1423 1823 1477 pater
1845 1428 2014 1458 >omnes

603 1488 661 1535 ad
698 1489 1059 1535 conversionem
1105 1501 1434 1553 properantes,
1479 1490 1756 1537 charitativo
1797 1490 2015 1554 amplexu

607 1566 832 1628 suscepit,
857 1575 902 1611 et
924 1565 1119 1629 singulis
1141 1577 1282 1623 artes,
1303 1584 1415 1630 quas
1439 1578 1687 1625 noverant,
1716 1567 1944 1631 legitimas
1967 1567 2017 1612 in

607 1643 895 1689 monasterio
920 1659 1138 1689 exercere
1167 1646 1409 1707 praecepit.
1438 1643 1576 1690 Unde
1610 1644 1812 1691 libenter
1842 1647 2018 1690 conve-

609 1730 784 1767 nerunt
813 1719 869 1765 ad
906 1737 1015 1766 eum
1056 1719 1202 1776 sabi-i,
1240 1732 1334 1767 tam
1372 1721 1593 1785 lignarii,
1631 1740 1773 1786 quam
1804 1721 2016 1778 ferrarii,

609 1798 869 1861 sculptores
898 1809 944 1844 et
975 1798 1226 1855 aurifabri,
1253 1799 1456 1862 pictores
1483 1802 1529 1846 et
1553 1800 1865 1858 caementarii,
1892 1799 2020 1845 vini-

610 1885 737 1920 tores
770 1885 816 1920 et
846 1875 1094 1938 agricolae,
1133 1875 1491 1938 multorumque
1525 1877 1788 1923 officiorum
1821 1876 2020 1923 artifices

611 1951 900 2014 peritissimi.
929 1951 1154 2008 Sollicite,
1183 1952 1310 2016 quod
1334 1954 1396 1999 eis
1415 1954 1556 2017 jussio
1582 1953 1779 2000 senioris
1800 1954 2021 2018 injunge-

610 2028 716 2084 bat,
750 2029 1088 2092 operabantur,
1122 2040 1169 2076 et
1196 2047 1497 2078 communem
1524 2030 1828 2078 conserebant
1851 2029 1906 2076 ad
1931 2030 2022 2076 uti-

613 2106 812 2163 litatem,
838 2124 943 2171 quae
969 2106 1295 2154 lucrabantur.
1320 2108 1395 2154 Sic
1419 2124 1551 2173 ergo,
1580 2108 1661 2154 ubi
1684 2108 1825 2172 paulo
1844 2118 1951 2155 ante
1974 2108 2020 2153 in

614 2183 836 2231 horribili
858 2184 977 2230 saltu
996 2185 1249 2232 latrunculi
1271 2185 1487 2233 solebant
1510 2187 1718 2243 latitare,
1746 2197 1792 2232 et
1816 2186 2021 2232 incautos

615 2262 816 2308 viatores
843 2262 1093 2325 repentino
1124 2263 1314 2309 incursu
1345 2262 1605 2317 trucidare,
1632 2262 1879 2327 adjuvante
1904 2263 2018 2319 Deo,

666 2467 716 2513 (1)
737 2468 784 2502 Le
802 2480 894 2514 pape
913 2467 963 2502 lui
982 2476 1087 2515 ayant
1106 2469 1314 2504 finalement
1330 2469 1450 2505 donne
1468 2470 1605 2513 raison,
1626 2469 1651 2503 il
1665 2476 1834 2504 retourna
1853 2468 1941 2503 dans
1959 2478 2022 2502 son

619 2524 754 2571 abbaye
773 2525 817 2560 de
834 2526 1130 2574 Saint-Cyprien.

667 2583 715 2627 (2)
735 2583 856 2618 Parmi
881 2597 937 2618 ces
958 2584 1072 2628 lieux,
1100 2593 1205 2620 notre
1229 2593 1358 2621 auteur
1377 2587 1494 2621 aurait
1513 2599 1563 2633 pu
1584 2587 1674 2621 citer
1692 2586 1762 2621 File
1782 2585 1827 2620 de
1847 2584 2018 2628 Chaufei,

622 2643 704 2688 pres
724 2643 929 2685 Granville,
952 2645 1039 2691 qu⁷il
1057 2647 1148 2680 avait
1168 2646 1247 2692 deja
1267 2647 1411 2681 habitee
1428 2654 1532 2682 avant
1549 2647 1663 2682 d'etre
1681 2647 1777 2682 eleve'
1795 2648 1814 2681 a
1833 2646 1866 2681 la
1884 2645 2022 2692 dignit&

620 2699 819 2743 abbatiale;
841 2701 922 2747 puis
940 2701 991 2736 les
1008 2704 1174 2738 environs
1193 2704 1238 2738 de
1255 2705 1455 2751 Fouge1·e8‚
1478 2705 1559 2751 puis
1574 2705 1735 2740 Arcisses
1758 2705 1840 2751 pres
1863 2704 2021 2751 Nogent-

622 2758 840 2802 le-Rotrou3
868 2761 950 2807 puis
980 2762 1075 2796 enfin
1103 2763 1128 2797 il
1157 2763 1310 2798 s'etablit
1336 2766 1355 2798 a
1386 2764 1521 2807 Tiron,
1554 2777 1747 2799 commune
1774 2764 1819 2798 de
1846 2763 2017 2807 Gndais,

619 2817 771 2853 d’abord
792 2819 880 2853 dans
901 2832 948 2854 un
971 2822 1129 2867 premier
1149 2822 1237 2857 local
1256 2836 1299 2857 en
1327 2835 1425 2871 1107,
1449 2824 1530 2870 puis
1550 2824 1835 2858 definitivement
1851 2835 1895 2857 en
1920 2833 2015 2857 ῐῐῐο.
