2033 3445
91 281 296 327 [mmmmm
320 278 439 328 1098]
611 278 764 317 LIBER
794 279 890 316 NON
900 279 974 317 US.
1420 286 1492 321 58}

90 362 322 420 ascendit,
352 374 398 410 et
422 379 568 427 usque
597 364 642 409 in
672 382 863 410 murum
885 364 1054 428 pedem
1080 368 1292 414 tetendit.
1319 368 1499 415 Ascen-

89 440 264 486 derunt
288 452 395 505 post
414 458 521 487 eum
546 441 753 506 aliquot,
783 441 861 488 sed
888 459 984 489 non
1009 445 1166 490 multi.
1199 446 1331 492 Scala
1350 447 1500 511 siqui—

88 518 197 565 dem
217 521 455 566 confracta
477 519 691 565 dissiluit.
718 520 958 567 Gulferius
981 531 1137 568 tamen
1160 524 1364 569 viriliter
1386 542 1499 569 mu-

88 615 197 643 rum
214 596 505 655 defensabat,
532 608 578 644 et
601 599 791 662 paganis
814 599 1091 662 expugnatis
1106 636 1117 654 ‚
1146 600 1293 646 socios
1311 611 1430 646 nutu
1457 612 1502 647 et

88 690 202 720 voce
248 673 555 721 convocabat.
603 675 805 721 Interim
849 674 988 720 aliam
1026 676 1195 721 scalam
1228 677 1503 722 festinanter

88 761 370 807 erexerunt,
403 761 448 796 et
467 767 551 814 per
575 768 676 797 eam
696 751 870 797 milites
894 750 1164 816 peditesque
1189 763 1261 799 tot
1283 752 1504 798 ascende—

90 838 229 883 runt,
253 838 306 873 ut
328 845 519 873 murum
556 845 726 892 magna
763 845 818 874 ex
854 839 986 891 parte
1020 839 1434 892 praeoccuparent,
1461 840 1507 873 et

92 905 215 950 cives
238 905 556 969 expugnando
581 906 850 969 rejicerent.
873 905 1046 969 Pagani
1074 916 1228 952 tamen
1258 907 1366 952 totis
1390 908 1508 952 nisi-

93 979 178 1026 bus
220 981 606 1038 insurrexerunt,
643 992 690 1027 et
721 980 1014 1028 Christianos
1052 983 1254 1046 aggressi
1292 992 1424 1038 sunt,
1462 992 1508 1028 et

95 1068 223 1103 tanta
251 1058 355 1104 illos
386 1058 563 1104 virtute
600 1058 881 1122 aliquotiens
915 1058 1246 1121 impetierunt,
1281 1069 1333 1104 ut
1362 1059 1506 1122 aliqui

94 1134 407 1191 Francorum,
429 1135 602 1182 timore
617 1134 815 1192 subacti,
837 1152 861 1181 e
877 1151 1017 1181 muro
1036 1152 1082 1181 se
1096 1134 1378 1181 dimiserint.
1395 1135 1510 1180 Plu-

95 1228 167 1256 res
192 1222 348 1257 tamen
374 1212 419 1257 in
442 1229 581 1259 muro
605 1223 962 1268 remanserunt,
990 1213 1070 1276 qui
1094 1211 1271 1257 tamdiu
1292 1214 1508 1277 frequen—

94 1300 161 1334 tes
180 1289 381 1352 impetus
406 1290 756 1348 toleraverunt,
780 1305 1024 1354 quousque
1044 1288 1298 1335 Christiani
1316 1307 1505 1335 murum

94 1365 417 1426 suffodissent,
444 1366 717 1431 aditumque
755 1367 1083 1430 patefacerent.
1124 1366 1228 1426 Quo
1255 1367 1294 1410 T
1299 1367 1397 1412 urci
1423 1383 1508 1413 co-

94 1445 252 1507 gnito,
281 1444 338 1490 ad
371 1444 750 1508 desperationem
782 1461 928 1509 usque
965 1446 1251 1499 timuerunt,
1289 1455 1335 1489 et
1360 1444 1405 1489 in
1432 1445 1508 1489 su-

94 1539 201 1584 gam
225 1522 600 1568 irrevocabiliter
625 1523 906 1585 praecipitati
933 1533 1059 1567 sunt.
1089 1521 1195 1567 Idus
1230 1522 1385 1585 itaque
1419 1521 1507 1567 de—

95 1597 316 1656 cembris,
338 1615 529 1662 vespere
546 1596 727 1643 sabbati
755 1599 852 1661 (ι),
877 1597 1053 1654 Marra,
1078 1597 1239 1642 civitas
1261 1597 1504 1660 opulenta,

95 1687 226 1739 capta
268 1686 352 1722 est.
387 1675 639 1722 Christiani
666 1666 837 1722 urbem
876 1675 1110 1722 devictam
1147 1676 1343 1739 ingressi
1373 1686 1505 1730 sunt,

94 1765 142 1800 et
168 1754 399 1820 quidquid
420 1771 638 1819 gazarum
663 1755 710 1800 in
737 1753 956 1800 domibus
977 1754 1049 1800 vel
1075 1754 1124 1799 in
1145 1753 1290 1799 foveis
1316 1753 1508 1799 invene-

95 1843 233 1889 runt,
258 1833 492 1896 rapaciter
512 1832 810 1879 abstulerunt
833 1833 922 1894 (2).
938 1832 1205 1878 Sarracenis
1220 1830 1507 1894 perimendis

95 1918 197 1954 toto
221 1919 393 1955 conatu
416 1909 712 1966 institerunt,
741 1919 793 1954 ut
811 1909 890 1954 vix
912 1908 1120 1972 aliquem
1142 1908 1301 1953 vivere
1325 1908 1506 1970 permi-

94 1987 255 2032 serint.
273 1986 441 2032 Nullus
458 1987 503 2033 in
525 1997 621 2033 tota
637 1986 755 2033 urbe
778 1986 907 2033 locus
922 1984 1117 2032 vacabat
1137 2003 1161 2031 a
1183 1983 1503 2041 cadaveribus;

95 2080 277 2128 gressus
314 2081 502 2128 quoque
537 2064 768 2111 viantium
809 2064 1017 2128 graviter
1046 2060 1413 2109 offendebantur
1448 2061 1506 2106 ab

96 2141 315 2187 extinctis
362 2152 408 2187 et
459 2141 705 2189 condensis
747 2140 1045 2204 corporibus.
1105 2140 1248 2202 Capta
1291 2139 1503 2193 civitate,

97 2216 272 2264 civium
308 2235 477 2282 magna
512 2236 644 2281 pars,
682 2236 789 2265 eum
822 2217 1053 2264 uxoribus
1076 2228 1123 2262 et
1161 2216 1290 2272 filiis,
1323 2216 1507 2279 suisque

95 2294 465 2358 supellectilibus
479 2332 491 2353 ,
523 2297 569 2342 in
591 2296 818 2360 palatium
832 2332 843 2352 ‚
873 2293 1000 2359 quod
1021 2312 1158 2357 supra
1180 2304 1366 2357 portam
1387 2303 1503 2349 erat,

97 2373 345 2429 convenit,
367 2372 526 2432 ibique
545 2373 922 2420 Christianorum
945 2372 1101 2418 manui
1118 2370 1364 2435 subjacuit.
1387 2370 1509 2429 Quo-

98 2468 204 2496 rum
224 2452 300 2497 alii
321 2453 557 2516 perempti
581 2464 717 2509 sunt,
745 2453 822 2498 alii
843 2449 1330 2513 Buamundojubente
1350 2449 1393 2493 in
1418 2447 1492 2493 An

145 2656 195 2697 (1)
215 2655 312 2690 Lisez
333 2671 338 2687 :
362 2658 465 2691 lertio
484 2656 567 2691 idus
586 2656 805 2693 ‹let-cnebris,
828 2655 858 2688 le
878 2654 1012 2689 saniedi
1038 2667 1070 2688 11
1095 2652 1298 2688 decembre.

145 2715 195 2758 (2)
218 2715 309 2748 Lem*
329 2716 486 2761 rapacitc·
503 2716 570 2750 alla
587 2717 704 2751 nieme
720 2716 908 2760 beaucoup
930 2714 1010 2759 plus
1027 2713 1119 2756 loin,
1142 2724 1281 2747 comme
1297 2722 1342 2745 ou
1360 2709 1391 2743 lo
1412 2720 1508 2742 verm

100 2774 188 2808 ‘lans
208 2774 238 2807 lc
260 2776 483 2821 paragrapht·
503 2777 655 2810 suivant.
