2085 3455
593 323 645 358 90
955 322 1194 360 HISTORIA
1224 322 1624 363 ECCLESIASTICA.
1782 321 1993 372 [943-945]

593 416 693 450 erat
715 406 809 468 (1),
836 404 1027 452 dimisit.
1054 408 1318 455 Bernartius
1341 425 1454 455 vero
1473 409 1629 453 Dauus
1649 408 1716 467 (2)
1732 442 1745 464 ‚
1771 405 1852 470 qui
1876 405 1996 451 Nor-

592 482 831 528 manniam
868 482 1105 541 tuebatur,
1144 485 1320 549 legatos
1353 486 1399 531 in
1430 485 1620 531 Daciam
1647 483 1794 540 misit,
1826 493 1872 529 et
1895 483 1995 528 Ha-

593 559 748 616 roldo,
775 561 1018 606 Danorum
1042 562 1141 624 regi
1169 563 1256 624 (5),
1288 572 1488 608 mortem
1514 561 1755 607 Guillelmi
1782 559 1927 615 ducis,
1951 569 1996 604 et

591 635 1019 683 exhaeredationem
1052 638 1199 700 prolis
1236 638 1439 702 ejusdem
1479 637 1734 684 mandavit.
1771 637 1884 684 Mox
1918 636 1996 682 ille

594 730 701 759 cum
728 730 894 777 magna
925 714 1063 760 classe
1094 715 1366 778 properavit
1397 716 1443 760 in
1476 714 1842 770 Normanniam,
1871 715 1998 778 jussu

591 790 819 837 Bernardi
844 810 869 837 a
891 791 1209 839 Constantinis
1232 803 1492 856 susceptus,
1519 791 1714 839 biennio
1738 792 1998 854 expectavit

592 869 999 931 opportunitatem
1019 869 1163 915 Gallis
1184 869 1474 924 damnosam,
1498 880 1544 915 et
1557 868 1764 926 demum,
1783 885 1870 931 pro
1886 884 1998 914 nece

593 947 927 1009 consanguinei
952 947 1019 992 sui,
1049 957 1094 992 et
1117 947 1384 995 exulatione
1408 945 1582 993 sobolis
1605 945 1834 1007 ejusdem,
1862 961 1999 991 exer-

594 1024 690 1068 cuit
723 1023 953 1069 ultionem
991 1025 1323 1071 truculentam.
1363 1024 1482 1070 Nam
1518 1023 1808 1070 Ludovicum
1840 1038 2000 1086 regem

593 1111 697 1146 orta
723 1100 769 1145 in
796 1101 1034 1164 colloquio
1061 1103 1186 1148 inter
1209 1103 1366 1148 Dauos
1389 1112 1434 1147 et
1459 1100 1662 1147 Francos
1682 1101 1752 1162 (4)
1773 1098 2000 1145 seditione

595 1176 976 1239 comprehendit,
1010 1179 1295 1224 Herluinum
1326 1188 1373 1224 et
1402 1177 1706 1223 Lambertnm
1731 1176 1827 1238 (5),
1858 1174 1999 1221 alios-

594 1269 685 1316 que
709 1269 790 1298 xv1
822 1253 1033 1300 consules
1062 1271 1168 1300 cum
1196 1253 1498 1300 multitudine
1521 1254 1647 1316 vulgi
1672 1253 1888 1315 peremit.
1917 1252 2001 1297 In-

596 1340 720 1375 terea
739 1329 852 1375 dum
872 1330 1099 1376 Ricardus
1121 1348 1238 1394 puer
1260 1332 1356 1377 fere
1380 1330 1530 1376 tribus
1549 1331 1681 1376 annis
1701 1330 1932 1387 exularet,
1956 1340 2002 1374 et

595 1423 678 1453 rex
697 1407 907 1453 Franciae
928 1407 1015 1454 sihi
1035 1408 1376 1455 Normanniam
1396 1409 1582 1470 penitus
1601 1407 1890 1471 subjugatam
1909 1423 2002 1452 esse

644 1575 693 1620 (ι)
713 1575 763 1609 Ce
781 1576 951 1622 seigneur
964 1575 1090 1610 n'etait
1103 1576 1140 1610 ni
1159 1575 1286 1609 l’oncle
1300 1575 1345 1610 de
1362 1575 1537 1618 Riclmrd,
1554 1575 1592 1609 ni
1616 1574 1709 1609 celui
1731 1574 1775 1608 de
1792 1573 2003 1608 Guillaume

598 1625 884 1681 Longae-Epeo,
906 1646 1047 1668 comme
1072 1634 1104 1668 le
1119 1634 1274 1680 pretend
1291 1634 1447 1677 Dud0n;
1468 1634 1557 1668 mais
1573 1633 1606 1667 le
1625 1633 1750 1668 cousin
1767 1634 1839 1667 issu
1856 1632 1901 1667 de
1920 1645 2001 1678 ger-

599 1694 694 1728 main
715 1694 759 1728 de
776 1694 807 1728 la
826 1694 1002 1729 duchesse
1022 1694 1264 1741 Leutegarde‚
1286 1694 1594 1741 femmelegitime
1612 1693 1657 1728 de
1674 1692 1903 1735 Guillaume‚
1922 1699 2001 1727 tan-

599 1752 654 1786 dis
673 1765 745 1799 que
764 1753 914 1799 Sprote,
936 1755 1035 1788 mere
1059 1753 1103 1788 de
1122 1754 1284 1788 Richard
1305 1761 1340 1788 et
1363 1753 1546 1787 Bretonne
1564 1752 1764 1799 d’origine,
1786 1751 1910 1786 n’etait
1932 1764 2003 1799 que

598 1823 635 1845 sa
661 1811 878 1846 concubine.
896 1812 934 1846 Si
954 1812 1115 1846 Bernard
1133 1813 1262 1846 n’avait
1281 1825 1400 1847 aucun
1418 1812 1491 1846 lieu
1516 1812 1561 1846 de
1579 1813 1728 1858 parente
1745 1823 1827 1846 avec
1844 1810 1876 1845 le
1892 1810 2003 1856 jeune

598 1869 689 1913 duc,
717 1870 743 1904 il
772 1870 852 1905 n’en
883 1872 1030 1917 pouvait
1059 1883 1121 1917 pas
1149 1871 1269 1906 moins
1295 1872 1373 1906 etre
1401 1864 1655 1905 reclameavec
1676 1869 1794 1916 pleine
1821 1869 2004 1904 confiance

597 1940 739 1963 comme
761 1942 825 1963 son
850 1931 961 1976 appui
975 1958 983 1973 ⁷
1015 1931 1142 1965 §etant
1160 1931 1228 1965 mis
1255 1932 1274 1965 ἐι
1300 1930 1334 1964 la
1352 1930 1425 1965 tete
1443 1929 1487 1964 de
1503 1930 1537 1964 la
1561 1929 1660 1976 ligue
1686 1929 1749 1977 qui
1773 1941 1808 1963 se
1824 1929 1941 1963 forma
1958 1940 2003 1962 en

596 1989 665 2035 945
690 2001 785 2035 pour
808 1990 1120 2025 contre-balancer
1137 1990 1226 2025 celle
1251 1990 1296 2025 de
1321 1991 1430 2025 Louis
1447 2002 1530 2024 avec
1549 1989 1690 2024 Arnoul
1709 1996 1745 2024 et
1773 1988 1948 2031 Herluin‚
1968 1995 2005 2022 et

598 2055 706 2093 ayant
721 2051 851 2095 pousse
870 2049 903 2083 le
921 2062 1078 2096 manque
1093 2049 1258 2096 d’egards
1278 2061 1372 2096 pour
1389 2050 1421 2084 le
1444 2050 1498 2083 roi
1513 2049 1657 2096 jusqu’a
1675 2049 1870 2094 s’emparer
1889 2047 1934 2083 de
1951 2059 2004 2082 ses

598 2108 774 2155 piqueurs
791 2116 827 2143 et
843 2109 888 2144 de
901 2121 955 2144 ses
973 2110 1118 2154 chiens,
1135 2117 1171 2145 et
1189 2112 1209 2144 a
1225 2110 1389 2144 devaster
1407 2122 1443 2144 sa
1459 2109 1646 2144 residence
1664 2108 1709 2143 de
1726 2108 1964 2154 Compiegne.

644 2167 694 2212 (2)
712 2168 763 2202 Ce
792 2180 1017 2214 personnage
1043 2181 1088 2203 ne
1113 2181 1205 2203 nous
1231 2176 1285 2203 est
1306 2181 1427 2203 connu
1445 2181 1516 2216 que
1537 2181 1602 2215 par
1624 2168 1674 2202 les
1695 2167 1891 2202 historiens
1909 2166 2005 2201 Nor-

598 2225 744 2268 mands,
773 2226 836 2272 qui
861 2239 906 2260 en
925 2233 990 2261 ont
1006 2227 1072 2261 fait
1092 2228 1125 2262 le
1143 2234 1338 2274 prototype
1363 2226 1408 2262 de
1424 2227 1457 2261 la
1482 2239 1579 2261 ruse.
1605 2226 1705 2261 Nous
1723 2237 1831 2260 avons
1856 2225 1962 2272 peine
1985 2226 2004 2258 a

596 2285 715 2318 croire
732 2284 845 2331 qu’un
862 2285 1062 2327 Normaud,
1079 2287 1354 2333 contemporain
1368 2286 1413 2322 de
1427 2285 1639 2321 Guillaume
1664 2275 1935 2331 Longue-Epee,
1955 2282 2004 2317 ait

598 2345 705 2389 porte
721 2343 754 2378 le
772 2356 857 2378 nom
878 2344 923 2379 de
941 2346 1112 2380 Bernard.

644 2401 693 2447 (3)
712 2403 903 2449 Haigrold.
924 2404 975 2439 Ce
995 2416 1219 2452 personnage
1237 2412 1290 2440 est
1316 2417 1367 2439 un
1394 2405 1449 2439 roi
1468 2404 1512 2438 de
1535 2403 1569 2438 la
1595 2404 1698 2450 facon
1728 2403 1773 2437 de
1800 2414 1864 2437 nos
1889 2402 2001 2436 histo-

598 2462 708 2496 riens.
734 2463 835 2497 Nous
858 2476 1001 2508 δεινοὺς,
1028 2478 1092 2512 par
1116 2465 1147 2500 le
1175 2466 1407 2512 temoignage
1433 2464 1478 2498 de
1505 2463 1693 2498 Frodoard
1716 2470 1752 2498 et.
1782 2462 1827 2497 de
1850 2462 2000 2505 Richer,

598 2533 670 2569 que
685 2521 805 2557 c'etait
821 2535 871 2557 un
886 2523 1075 2559 Normand
1092 2526 1154 2572 qui
1174 2524 1420 2560 commandait
1437 2526 1454 2558 a
1473 2524 1626 2570 Bayeux.

644 2582 695 2627 (4)
723 2582 827 2616 Cette
855 2589 1027 2619 entrevue
1056 2585 1172 2631 parait
1196 2586 1295 2620 avoir
1327 2597 1371 2620 eu
1404 2584 1477 2618 lieu.
1506 2585 1526 2618 a
1552 2584 1695 2629 Bayeux
1725 2583 1859 2621 meme,
1886 2584 1906 2616 a
1933 2593 2004 2615 une

600 2643 741 2688 epoque
768 2644 920 2678 avancee
937 2643 982 2678 de
1003 2644 1141 2679 l’anne'c
1158 2646 1240 2692 945.
1271 2644 1379 2679 Louis
1404 2644 1460 2678 fut
1491 2642 1765 2690 probablement
1790 2642 1898 2676 attire
1915 2640 2004 2676 dans

602 2707 696 2735 cette
714 2700 796 2735 ville
814 2715 879 2748 par
899 2703 930 2737 la
946 2715 1129 2750 promesse
1143 2705 1275 2751 ‹111⁷ellc
1293 2704 1391 2739 allait
1404 2702 1454 2737 lui
1473 2702 1550 2737 'etr-e
1570 2703 1713 2737 remise.

648 2763 695 2806 (5)
714 2759 822 2796 Frere
840 2762 1045 2797 d'Herluiu.
