2033 3445
70 295 286 345 [923-936]
538 294 688 332 LIBER
717 293 984 332 SEPTIMUS.
1395 294 1468 336 145

69 379 458 445 Burgundionum
482 378 672 434 ducem,
697 395 838 444 quem
863 378 921 425 de
945 396 1078 426 sacro
1103 381 1234 428 fonte
1257 398 1471 447 suscepe-

68 469 163 515 rat,
190 474 283 503 una
306 474 414 503 cum
438 456 635 503 consilio
657 456 869 520 Hugonis
892 456 1083 522 Magni,
1109 457 1192 503 filii
1217 460 1470 522 supradicti

69 533 286 591 Roberti,
316 543 364 579 et
390 548 643 596 procerum
670 532 990 590 Francorum,
1023 534 1071 579 in
1095 551 1297 598 regnum
1321 535 1472 582 subli-

67 611 227 658 mavit.
267 610 393 657 Idem
431 621 589 657 autem
623 610 825 656 Karolus
861 610 1097 674 Simplex,
1138 621 1244 675 post
1282 613 1473 677 longam

68 689 262 735 carceris
291 689 681 744 macerationem,
718 687 964 735 defunctus
996 700 1064 734 est
1097 689 1141 735 in
1181 691 1274 752 ipsa
1311 703 1473 739 custo-

65 765 162 822 dia,
189 777 236 813 et
258 766 464 830 sepultus
495 766 543 812 in
573 766 759 812 basilica
788 766 945 813 Sancti
973 766 1134 814 Fursei
1167 769 1470 828 confessoris,

65 860 169 908 quae
204 853 271 890 est
307 843 353 889 in
390 843 484 906 ipsa
514 843 724 890 Parrona
758 853 927 890 castro.
962 844 1143 890 Unctus
1174 856 1242 891 est
1271 862 1387 892 vero
1424 847 1471 892 in

65 936 223 984 regem
256 920 351 983 ipse
383 919 635 976 Rodulfus,
673 927 738 965 1v⁰
764 919 863 965 idus
883 920 1017 983 julii,
1053 922 1309 968 Suessionis
1351 923 1473 968 civi-

64 1007 157 1043 tate
180 997 270 1060 (1).

125 1074 206 1119 His
238 1075 529 1138 temporibus
562 1076 728 1139 pagani
763 1075 933 1122 iterum
961 1075 1285 1140 Burgundiam
1316 1087 1472 1123 vasta-

61 1162 255 1208 verunt,
282 1152 548 1217 factumque
571 1163 638 1198 est
661 1152 843 1199 bellum
873 1154 996 1199 inter
1021 1153 1298 1200 christianos
1323 1165 1369 1199 et
1392 1172 1472 1218 pa-

61 1245 204 1293 ganos
228 1230 273 1275 in
299 1241 462 1276 monte
493 1229 661 1285 Chalo,
696 1231 952 1293 peremptis
977 1248 1000 1275 a
1028 1231 1219 1294 paganis
1245 1247 1301 1276 ex
1328 1231 1474 1277 chris-

61 1307 198 1353 tianis
214 1308 374 1353 multis
396 1307 630 1363 millibus,
659 1317 766 1353 V111⁰
793 1306 894 1352 idus
917 1306 1179 1353 decembris
1204 1308 1295 1370 (a).

123 1386 274 1449 Igitur
310 1384 530 1432 defuncto
553 1384 755 1431 Rodulfo
778 1401 888 1448 rege
916 1394 1055 1431 XVIIIO
1080 1385 1173 1430 kal.
1211 1385 1433 1430 februarii
1456 1422 1468 1442 ‚

61 1463 343 1527 sepelierunt
375 1480 481 1509 eum
517 1464 563 1508 in
598 1462 786 1508 basilica
822 1463 1005 1508 Sanctae
1040 1462 1285 1508 Columbae
1318 1463 1472 1526 virgi-

60 1541 131 1587 nis
155 1541 240 1604 (5).
269 1541 378 1587 Post
403 1551 610 1587 mortem
637 1541 780 1603 igitur
806 1539 995 1585 Rodum
1023 1540 1169 1603 regis,
1204 1541 1341 1603 Hugo
1366 1541 1472 1586 Ma—

58 1636 177 1683 gnus
199 1637 289 1665 una
315 1637 420 1665 cum
444 1619 635 1665 Francis
661 1618 916 1665 accersiens
941 1618 1249 1664 Guillelmum
1276 1618 1466 1675 ducem,

58 1697 137 1761 qni
163 1698 485 1759 Longa-Spata
512 1695 703 1752 dicitur,
744 1696 872 1741 misit
908 1696 1042 1741 illum
1079 1695 1134 1741 ad
1172 1696 1336 1741 Oviam
1367 1697 1466 1759 (4),

58 1791 253 1822 uxorem
270 1777 367 1838 jam
392 1773 503 1820 dicti
531 1774 692 1820 Karoli
721 1774 980 1835 Simplicis,
1014 1783 1066 1818 ut
1095 1772 1200 1819 inde
1226 1773 1471 1820 reduceret

57 1852 372 1899 Hludovicum
395 1853 543 1897 filium
556 1854 669 1915 ejus.
690 1853 893 1914 Fugerat
910 1852 1036 1896 enim
1055 1850 1111 1896 ad
1129 1862 1313 1913 patrem
1335 1869 1470 1898 suum

104 2022 153 2066 (1)
182 2020 332 2056 Charles
350 2023 449 2055 n'eut
466 2032 606 2054 aucune
623 2027 702 2066 part
721 2033 764 2054 an
794 2020 899 2054 choix
921 2019 965 2053 de
994 2019 1127 2059 Raonl,
1147 2026 1182 2053 ot
1205 2031 1297 2053 nous
1325 2021 1469 2055 n'avons

29 2080 31 2082 ’
59 2081 163 2128 point
182 2081 435 2114 connaissance
450 2080 537 2126 qu’il
554 2081 603 2114 ait
621 2081 678 2114 etc
698 2092 761 2113 son
782 2080 941 2125 parrain.
961 2079 990 2113 ΙΙ
1011 2086 1160 2113 mourut
1179 2079 1268 2113 dans
1293 2080 1324 2113 la
1344 2081 1467 2126 prison

59 2139 104 2175 de
122 2141 309 2182 peronne,
331 2139 362 2174 le
382 2151 401 2187 7
427 2139 575 2173 octobre
592 2150 675 2186 929.
707 2140 822 2173 naoul
845 2139 901 2172 sut
919 2140 1107 2173 couronnc
1125 2140 1143 2172 a
1172 2139 1354 2183 Soissons,
1375 2141 1466 2173 ainsi

59 2212 130 2248 quc
145 2212 180 2234 sa
201 2200 331 2234 semme
351 2200 495 2241 Ennnc,
517 2199 548 2233 le
574 2198 612 2233 15
628 2198 747 2244 juillet
766 2197 846 2246 923.

106 2259 156 2306 (2)
175 2260 222 2293 Le
235 2257 257 2292 6
273 2258 465 2293 decembre
479 2259 559 2305 925.
580 2258 640 2293 On
660 2270 769 2305 pense
779 2270 850 2305 quc
870 2258 979 2292 Mans
1002 2259 1158 2301 Calmm,
1180 2259 1290 2293 Mons
1310 2257 1465 2299 Clmlm,

59 2325 113 2352 est
131 2318 313 2361 Chalaux,
333 2330 527 2352 commune
552 2317 596 2352 dc
621 2317 954 2352 l’arrondissenient
981 2317 1026 2352 de
1045 2317 1202 2353 Clanieci
1231 2318 1425 2363 (ΝΕ-11111),
1447 2320 1465 2351 ἐι

59 2390 129 2425 peu
147 2377 192 2412 de
207 2378 369 2413 distance
385 2385 421 2411 ct
438 2377 526 2411 dans
544 2377 696 2412 l’aneien
716 2390 837 2423 pagus
859 2376 1060 2411 d'Avallon.

105 2436 155 2483 (3)
170 2437 284 2472 Raoul
304 2444 455 2471 mourut
470 2438 489 2470 a
505 2439 668 2471 Auxerrc
686 2436 730 2469 (lc
752 2436 781 2469 la
796 2436 949 2470 maladie
970 2435 1191 2482 pediculaire
1204 2463 1213 2478 ‚
1229 2434 1262 2469 lc
1280 2434 1469 2480 15janviel‘

60 2495 148 2546 936.
169 2503 205 2531 et
222 2498 277 2531 sut
295 2499 440 2531 enterre'
457 2499 476 2530 ἰι
493 2495 814 2532 Sainte-Colombc
831 2495 876 2530 dc
896 2496 995 2530 Sens.

107 2555 156 2601 (4)
175 2555 226 2589 Ici
243 2562 348 2590 notre
372 2562 515 2596 auteur,
538 2567 632 2601 pour
648 2554 681 2588 la
708 2553 789 2600 plus
809 2553 944 2599 grande
971 2553 1084 2600 gloire
1103 2552 1148 2587 de
1168 2552 1198 2586 la
1219 2551 1462 2595 Normandie,

62 2614 238 2649 substitue
259 2614 470 2650 Gnillaume
492 2606 757 2660 Longue-Epee
776 2615 794 2647 ἐι
812 2613 1035 2656 Guillaume,
1053 2612 1279 2659 archevequc
1296 2611 1342 2645 de
1361 2611 1463 2647 Sens.

66 2674 110 2707 La
128 2672 224 2707 sente
239 2685 366 2708 excuse
383 2674 493 2720 qn'on
512 2674 632 2720 puisse
651 2672 794 2707 donner
811 2672 856 2706 de
879 2679 972 2707 cette
996 2672 1189 2707 alteration
1209 2670 1272 2705 des
1290 2670 1389 2713 saits,
1411 2678 1465 2705 est

63 2731 151 2779 qu'il
171 2744 256 2767 aura
280 2735 336 2767 ete
356 2733 475 2768 induit
495 2746 539 2767 cn
559 2746 685 2768 errcur
708 2732 838 2778 parles
864 2733 1082 2779 impostures
1107 2731 1152 2766 de
1181 2742 1245 2765 son
1274 2729 1465 2765 devancier

63 2791 208 2827 Dudon.

162 2870 231 2899 111.
1216 2867 1267 2895 10
