2033 3445
65 316 202 367 [1091]
558 312 712 351 LIBER
739 311 985 350 OCTAVUS.
1399 313 1478 351 379

64 399 254 448 redditis
279 398 629 445 munitionibus
665 397 783 452 suis,
820 413 907 460 per
939 395 1236 442 Britanniam
1266 398 1478 456 transiit,

64 464 362 533 Britonibus,
389 477 471 540 qui
493 476 581 522 sibi
613 473 914 522 solummodo
941 472 1283 519 adminiculum
1307 485 1482 520 contu-

63 556 242 611 lerant,
269 554 441 618 gratias
461 552 691 608 reddidit,
714 563 761 597 et
786 551 994 598 confines
1012 550 1323 614 postmodum
1339 550 1483 597 Fran-

65 650 139 681 cos
160 632 370 695 expetiit.
396 632 451 678 In
476 647 598 695 pago
621 630 884 677 Vilcassino
911 627 1085 676 nobilis
1108 629 1217 675 exul
1250 645 1348 675 non
1374 629 1481 692 ple-

64 711 134 756 nis
190 705 373 755 d'uobus
439 709 573 754 annis
629 716 976 762 commoratus,
1037 704 1217 752 diversa
1278 703 1481 768 hospitia

63 786 293 852 quaesivit.
316 786 424 833 Uno
445 796 628 832 tantum
653 785 829 842 milite,
857 799 1047 848 unoque
1071 783 1246 830 clerico
1269 800 1377 829 cum
1403 783 1484 828 tri-

65 865 148 911 hus
172 863 419 928 armigeris
442 873 719 919 contentUS,
752 878 1011 926 pauperem
1037 862 1184 907 vitam
1207 860 1380 924 exegit.
1408 859 1484 906 Sic

64 942 188 1007 regia
215 942 373 1006 proles
413 943 460 988 in
497 942 640 988 exilio
676 940 842 987 didicit
876 941 1152 1005 pauperiem
1186 938 1395 1002 perpeti,
1433 949 1484 984 ut

63 1020 246 1067 futurus
265 1037 349 1067 rex
371 1020 552 1084 optime
577 1020 719 1066 sciret
742 1020 926 1066 miseris
949 1029 994 1065 et
1020 1016 1343 1082 indigentibus
1362 1034 1484 1063 com-

64 1098 184 1162 pati,
210 1115 471 1162 eorumque
488 1097 739 1163 dejectioni
761 1098 833 1145 vel
857 1097 1133 1162 indigentiae
1153 1096 1299 1160 regali
1320 1105 1486 1159 poten-

66 1176 126 1222 tia
144 1193 224 1222 seu
248 1176 513 1240 dapsilitate
537 1176 813 1240 suffragari,
840 1186 887 1222 et
918 1176 1037 1221 ritus
1067 1174 1370 1220 infirmorum
1395 1189 1485 1219 ex-

65 1263 246 1316 pertus,
268 1269 332 1298 els
350 1270 426 1316 pie
451 1269 682 1299 miscrerl.

128 1331 264 1377 Tunc
288 1329 558 1378 Rodbertus
580 1330 677 1377 dux
711 1347 933 1395 magnam
962 1339 1147 1392 partem
1172 1328 1484 1374 Normanniae

66 1406 320 1454 Guillelmo
344 1408 443 1473 regi
464 1409 718 1465 concessit,
739 1407 929 1473 fereque
947 1406 1132 1453 duobus
1152 1406 1286 1452 annis
1307 1423 1329 1451 a
1349 1404 1487 1451 bellis

67 1483 357 1531 Normannia
377 1487 572 1550 quievit.
595 1486 707 1532 Post
725 1486 1073 1532 solemnitatem
1094 1485 1394 1530 Pentecostes
1413 1484 1485 1546 (ι)

67 1561 346 1609 Guillelmus
376 1561 756 1627 archiepiscopus
791 1562 1024 1626 synodum
1066 1562 1399 1626 episcoporum
1441 1572 1489 1607 et

69 1638 291 1686 abbatum
321 1640 444 1704 apud
477 1640 799 1706 Rotomagum
835 1639 1132 1705 aggregavit,
1160 1650 1206 1686 et
1239 1657 1346 1686 cum
1370 1638 1489 1686 duce

69 1715 332 1776 Rodberto‚
353 1716 751 1783 suffraganeisque
770 1717 1051 1782 praesulibus
1066 1716 1124 1764 de
1143 1717 1350 1781 Sagiensi
1369 1733 1491 1780 prae-

70 1793 220 1841 sulatu
244 1805 446 1842 tractare
471 1797 633 1860 coepit.
657 1796 871 1843 Tandem
892 1795 1029 1842 finito
1054 1795 1296 1850 consultu,
1324 1795 1488 1840 Serlo-

71 1887 203 1928 nem,
229 1872 523 1919 Uticensium
549 1883 783 1919 rectorem
799 1909 810 1930 ,
834 1873 998 1937 elegit,
1022 1873 1157 1937 eique
1178 1872 1487 1917 Salariensem

72 1949 393 2013 episcopatum
415 1950 551 1996 valde
579 1952 803 1997 renitenti
830 1951 1086 1998 commisit.
1108 1951 1323 2014 Denique
1347 1960 1394 1995 x⁰
1413 1949 1491 1995 ka-

73 2024 231 2072 lendas
247 2027 433 2092 (2)julii
453 2029 701 2092 praefatum
725 2027 1019 2075 coenobitam
1037 2028 1357 2092 Rotomagum
1380 2044 1490 2073 con-

73 2106 279 2162 vocavit,
309 2116 356 2151 et
391 2106 438 2152 in
472 2106 664 2153 ecclesia
701 2117 873 2153 sanctae
914 2107 1000 2153 Dei
1035 2106 1278 2171 genitricis
1322 2104 1487 2151 Mariae

74 2183 296 2229 canonice
318 2185 628 2230 consecravit.
656 2185 809 2231 Porro
829 2183 1124 2231 venerandus
1147 2184 1282 2230 Serlo
1305 2200 1489 2246 snscep-

77 2267 168 2305 tam
203 2259 506 2322 pontificatus
545 2261 777 2308 sarcinam
805 2278 938 2308 xxxu
978 2262 1113 2307 annis
1149 2272 1196 2308 et
1231 2278 1280 2308 1v
1318 2260 1491 2307 mensi-

77 2468 259 2503 troisieme
276 2469 326 2504 les
342 2471 444 2504 traits
457 2470 710 2517 d'intrepidite
725 2477 762 2505 et
777 2470 822 2505 de
836 2471 1099 2517 magnanimite
1115 2470 1160 2505 de
1177 2483 1217 2506 ce
1230 2471 1369 2518 prince,
1387 2472 1491 2517 api-«¹13

78 2528 164 2574 qu’il
181 2536 244 2564 eut
261 2531 318 2564 ete
335 2532 503 2565 renverse
520 2530 565 2565 de
583 2543 649 2565 son
667 2530 791 2565 cheval
807 2530 896 2565 dans
911 2530 943 2564 la
960 2530 1093 2574 melee‚
1111 2538 1148 2566 et
1163 2543 1200 2565 sa
1218 2531 1348 2566 duret&
1363 2543 1490 2565 envers

79 2598 141 2621 son
155 2588 265 2633 jeune
284 2589 378 2623 frere
399 2591 553 2638 assiege,
576 2598 801 2626 contrastant
819 2603 902 2625 avec
919 2590 952 2625 la
973 2590 1086 2626 bonte
1106 2598 1143 2626 et
1169 2591 1219 2626 les
1246 2592 1386 2639 paroles
1406 2598 1488 2626 tou-

79 2646 227 2683 chantes
244 2648 289 2684 de
305 2649 456 2685 Robert.

124 2706 173 2751 (ι)
193 2706 240 2742 Le
256 2708 342 2753 jour
359 2708 403 2744 de
423 2709 455 2744 la
474 2710 667 2746 Pentecote
685 2711 739 2745 sut
759 2717 853 2745 ccttc
871 2711 986 2745 annee
1003 2710 1035 2746 le
1059 2719 1100 2745 ι’*
1115 2710 1209 2755 juin.

125 2765 174 2810 (a)
198 2766 242 2800 [c
262 2779 302 2801 ‘22
318 2768 412 2813 juin.
