2085 3455
582 298 660 333 58ss
913 296 1157 335 HISTORIA
1186 297 1591 341 ECCLESIASTICA.
1622 304 1988 357 [JAN.-fenn.1099]

580 383 802 429 omnibus
844 383 982 431 bonis
1020 385 1320 448 opulentam,
1362 386 1408 431 in
1447 387 1567 433 valle
1603 387 1821 451 quadam.
1860 390 1989 438 Cives

579 471 736 505 autem
768 461 864 524 ejus
885 478 986 524 prae
1014 462 1184 508 timore
1210 461 1507 509 Francorum
1541 464 1709 511 urbem
1733 466 1991 529 pavitantes

578 538 821 594 exierunt,
849 549 895 584 et
932 538 1096 585 hortos
1128 538 1338 586 oleribus
1360 540 1585 598 refert08‚
1613 541 1871 608 domosque
1903 545 1990 591 ali-

577 626 853 662 mentorum
874 627 921 663 et
952 634 1100 680 opum
1122 618 1284 680 plenas
1317 618 1619 682 reliquerunt
1635 655 1646 672 ‚
1670 631 1716 666 et
1740 621 1989 669 inconsulti

578 694 878 757 aufugerunt.
901 693 1156 740 Christiani
1173 712 1287 742 vero
1306 696 1602 760 gratulanter
1620 698 1842 744 omnibus
1857 698 1992 747 bonis

576 787 744 817 eorum
783 772 922 834 potiti
947 783 1081 827 sunt,
1121 784 1168 818 et
1190 773 1314 831 Deo,
1353 773 1596 821 bonorum
1618 775 1797 834 datori,
1824 778 1993 841 gratias

580 847 749 893 hilares
781 847 1111 894 reddiderunt.
1147 850 1232 895 Die
1265 851 1401 896 tertia
1438 850 1545 898 inde
1569 865 1925 915 processerunt,
1950 867 1993 902 et

579 935 882 971 montaneam
900 925 1041 971 nimis
1058 926 1200 971 altam
1216 927 1561 990 praecipitando
1578 930 1991 989 transcenderunt,

577 1011 624 1046 et
664 1002 836 1046 iterum
874 1001 922 1047 in
955 1002 1128 1048 vallem
1162 1002 1359 1049 uberem
1400 1004 1419 1066 <
1430 1007 1469 1063 1)
1512 1003 1880 1065 descenderunt,
1914 1007 1994 1054 ubi

580 1095 645 1124 xn
670 1078 766 1125 dies
790 1079 1093 1143 quieverunt.
1122 1081 1301 1127 Deinde
1323 1082 1598 1145 proximum
1619 1083 1731 1129 valli
1756 1085 1997 1132 castellum

579 1156 952 1203 Sarracenorum
978 1159 1185 1205 viriliter
1216 1161 1417 1224 aggressi
1453 1171 1587 1216 sunt,
1623 1172 1669 1208 et
1693 1178 1857 1208 revera
1882 1163 1996 1210 illud

579 1234 883 1291 devicissent,
921 1237 1010 1282 nisi
1052 1238 1251 1301 gentiles
1284 1238 1562 1284 animalium
1595 1250 1642 1285 et
1669 1240 1996 1303 jumentorum

579 1324 623 1358 et
659 1330 891 1377 pecorum
935 1331 1099 1379 greges
1137 1316 1261 1362 foras
1297 1317 1540 1381 ejecissent
1551 1337 1564 1374 ;
1599 1335 1705 1382 quae
1742 1317 1994 1364 Christiani

576 1390 903 1455 diripuerunt,
923 1404 970 1439 et
989 1394 1053 1440 sic
1072 1393 1128 1440 ad
1148 1396 1353 1442 tentoria
1371 1413 1449 1442 sua
1466 1396 1622 1442 onusti
1643 1396 1802 1459 praeda
1823 1398 1996 1443 reversi

579 1481 710 1516 sunt.
748 1471 921 1535 Pagani
947 1483 1105 1518 autem
1129 1473 1333 1519 nimium
1359 1473 1604 1537 perterriti
1628 1484 1775 1520 noctu
1798 1490 1998 1520 secesse-

581 1558 717 1601 runt,
746 1559 793 1594 et
817 1549 986 1595 Franci
1011 1551 1289 1613 crepusculo
1323 1551 1415 1598 diei
1451 1551 1693 1597 castellum
1728 1551 1998 1599 hominibus

579 1643 780 1671 vaenum
817 1627 1012 1690 ingressi
1049 1639 1176 1674 sunt.
1215 1628 1286 1674 lbi
1311 1629 1656 1675 abundantiam
1685 1631 1914 1676 frumenti
1954 1641 2000 1677 et

580 1703 680 1749 vini
739 1714 784 1749 et
820 1704 984 1751 farinae
1038 1716 1085 1752 et
1119 1704 1315 1763 hordei,
1360 1707 1547 1771 oleique
1597 1718 1907 1770 repererunt,
1954 1718 2000 1754 et

582 1781 966 1828 Purifieationem
998 1793 1171 1829 sanctae
1202 1784 1367 1830 Mariae
1399 1783 1697 1831 devotissime
1723 1784 1999 1832 celebrave-

583 1868 715 1902 runt.

644 1933 716 1979 lbi
743 1952 829 1982 rex
851 1935 909 1982 de
932 1936 1119 1982 Camela
1146 1937 1335 1983 civitate
1373 1937 1444 2000 (2)
1470 1936 1739 1983 consulibus
1763 1954 1849 2001 per
1870 1956 1999 1985 nun—

585 2014 671 2059 tios
695 2031 801 2060 suos
828 2014 959 2079 larga
993 2013 1190 2061 donaria
1216 2015 1370 2072 misit,
1399 2031 1657 2080 pacemque
1680 2034 1812 2062 suam
1847 2016 1997 2062 Chris-

585 2092 721 2137 tianis
765 2091 968 2150 obtulit,
997 2093 1237 2157 spondens
1274 2093 1404 2158 quod
1434 2111 1682 2158 nunquam
1711 2094 1998 2141 Christianos

581 2169 879 2226 offenderet,
934 2171 1080 2218 immo
1121 2171 1344 2235 diligeret
1382 2190 1435 2218 ae
1481 2171 1769 2229 honoraret;
1816 2183 2000 2218 tantum

583 2248 865 2295 christianus
884 2250 1088 2313 populus
1108 2250 1156 2296 in
1175 2249 1362 2297 bonum
1381 2251 1421 2296 ei
1444 2250 1674 2296 talionem
1692 2250 1994 2296 retribueret.

649 2327 750 2373 Rex
787 2343 978 2391 quoque
1004 2327 1214 2391 Tripolis
1253 2329 1323 2391 (3)
1350 2327 1513 2374 decem
1549 2344 1694 2391 equos
1727 2338 1774 2373 et
1797 2337 1998 2392 quatuor

630 2467 680 2509 (1)
701 2466 747 2500 La
760 2465 872 2500 vallee
890 2465 935 2500 de
950 2466 1034 2501 Lem
1053 2479 1100 2501 ou
1117 2467 1161 2502 de
1178 2468 1259 2502 Sem
1272 2495 1281 2510 ‚
1302 2467 1445 2501 suivant
1461 2466 1637 2514 quelques
1653 2473 1813 2500 auteurs.
1834 2467 1882 2500 Le
1899 2465 1998 2500 notre

587 2528 618 2559 la
636 2524 737 2571 place
756 2537 825 2559 aux
844 2527 1014 2560 euvirons
1033 2526 1078 2562 de
1098 2526 1242 2573 Tripoli
1254 2555 1263 2567 ,
1285 2539 1429 2561 comme
1447 2538 1540 2560 nous
1558 2526 1591 2560 le
1606 2538 1755 2560 verrons
1774 2525 1856 2572 plus
1874 2525 1961 2559 loin.

632 2584 682 2628 (22)
701 2575 864 2626 Emesse,
886 2585 1122 2630 aujourd‘hui
1142 2587 1278 2629 Hunis,
1303 2598 1363 2620 sur
1384 2584 1416 2619 la
1436 2585 1511 2619 rive
1530 2585 1650 2618 droite
1669 2584 1714 2618 de
1730 2583 1917 2626 l⁷Oronte,
1939 2595 2000 2617 au-

587 2642 666 2677 ‹lelii
686 2643 736 2677 du
762 2643 893 2681 Liban,
916 2652 950 2678 et
980 2648 996 2679 ἐι
1023 2659 1091 2692 peu
1112 2647 1193 2692 pres
1214 2658 1296 2680 sous
1318 2646 1348 2679 la
1378 2646 1494 2680 menie
1520 2645 1674 2679 latitude
1694 2656 1765 2692 quc
1791 2643 1931 2690 Tripoli
1957 2642 2000 2676 dc

588 2704 691 2747 Syrie
709 2710 744 2737 et
765 2703 943 2748 Palmyre.

634 2761 682 2805 (5)
719 2763 862 2809 Tripoli
900 2764 943 2797 (le
978 2765 1016 2809 S)
1030 2767 1099 2800 rie.
1141 2766 1374 2810 -uujonrdliui
1415 2764 1630 2798 'tambolos
1669 2771 1771 2797 entre
1810 2764 1936 2799 notri-s
1965 2768 1994 2795 el

594 2822 731 2855 chhis.
