2033 3445
99 250 306 297 [DECEMBRI
331 254 449 301 1098]
618 254 770 292 LIBER
799 252 980 295 NONUS.
1422 258 1499 295 583

101 337 354 385 concordia
394 339 516 384 inter
556 337 723 386 ducem
755 350 802 386 et
831 339 1053 385 comitem
1085 340 1228 387 locuti
1261 352 1392 399 sunt;
1426 342 1503 388 sed

103 414 220 460 nihil
274 416 595 478 profecerunt.
632 415 769 463 Unde
805 416 1105 462 Buamundus
1146 419 1289 465 iratus
1330 418 1505 466 Antio-

102 491 255 538 chiam
277 492 522 540 confestim
546 510 758 541 reversus
783 494 853 556 (1)
878 503 971 550 est,
995 503 1042 539 et
1061 495 1150 541 iter
1177 496 1224 541 in
1248 496 1508 543 Jerusalem

101 568 159 614 ad
178 569 468 632 populorum
489 569 832 616 detrimentum
855 568 1171 615 disturbatum
1195 582 1280 617 est.
1308 572 1508 618 Privatae

104 646 379 709 principum
393 647 650 693 simultates
666 646 900 711 subjectos
918 645 1206 709 pessundant
1215 657 1261 693 et
1278 648 1507 712 affligunt,

105 720 218 766 dum
238 722 363 769 inter
385 739 431 768 se
447 721 745 770 dissentiunt.
766 723 890 768 Dum
908 722 1035 768 enim
1053 724 1371 788 unusquisque
1388 724 1514 788 quod

106 816 243 845 suum
275 811 344 846 est
377 802 575 865 quaerit,
616 820 640 847 a
678 801 918 848 communi
957 799 1255 863 providentia
1303 802 1512 865 tepescit.

107 877 274 940 Populi
306 895 496 943 quoque
519 878 576 925 ad
609 895 911 926 communem
933 878 1195 942 perniciem
1224 878 1515 936 desolantur,

109 953 189 999 ubi
213 956 427 1002 consules
445 957 617 1020 seipsos
642 973 740 1003 non
775 955 1100 1002 consolantur.
1127 956 1334 1019 Populus
1364 957 1519 1020 itaque

108 1031 529 1095 Jerosolymitanus
565 1033 770 1079 multum
807 1043 907 1079 erat
941 1031 1191 1095 impeditus
1223 1049 1313 1096 pro
1347 1031 1520 1079 ducum

109 1125 305 1156 suorum
326 1110 531 1174 querelis
553 1109 886 1173 peculiaribus.

175 1186 307 1234 XIV.
336 1188 511 1233 Rursus
535 1204 690 1235 comes
713 1204 799 1251 per
819 1187 997 1251 legatos
1020 1203 1126 1234 suos
1149 1187 1413 1250 principeS,
1439 1186 1521 1250 qui

110 1273 247 1310 erant
279 1262 570 1320 Antiochiae,
598 1274 873 1328 prosecutus
901 1274 995 1321 est,
1019 1281 1071 1310 ac
1096 1273 1149 1308 ut
1171 1263 1211 1309 ei
1238 1261 1295 1308 ad
1323 1262 1523 1326 Rugiam

113 1340 448 1388 confabulandi
467 1342 617 1406 gratia
642 1340 920 1399 obviarent,
943 1341 1049 1388 illos
1070 1340 1299 1387 allocutus
1324 1350 1410 1386 est.
1430 1339 1526 1385 Go-

113 1418 329 1465 desredus
372 1419 518 1482 igitur
557 1418 675 1476 dux,
713 1430 760 1465 et
792 1418 1059 1465 Rodbertus
1107 1418 1412 1465 Nol-mannus
1429 1453 1441 1473 ,
1481 1427 1527 1462 et

117 1495 382 1543 Rodbertus
418 1496 741 1554 Flandrensis,
789 1496 962 1559 aliique
1000 1495 1244 1541 convocati
1291 1494 1529 1557 principes

119 1575 315 1638 Rugiam
333 1584 594 1631 venerunt,
615 1584 662 1620 et
683 1572 1016 1619 Buamundum
1035 1588 1193 1618 secum
1212 1570 1526 1617 adduxerunt.

116 1655 251 1699 Tunc
266 1653 409 1699 etiam
427 1652 486 1698 de
505 1651 848 1699 concordandis
866 1650 1144 1714 proceribus
1161 1649 1367 1695 multum
1385 1649 1529 1696 locuti

117 1741 254 1788 sunt3
282 1731 361 1777 sed
385 1729 442 1777 de
477 1730 550 1776 via
587 1728 864 1777 maturanda
898 1728 1020 1775 nihil
1055 1728 1376 1791 profecerunt.
1409 1726 1529 1772 Bua-

120 1808 322 1855 mundus
347 1809 417 1855 ire
449 1807 664 1865 nolebat,
692 1808 779 1853 nisi
823 1807 983 1853 civitas
1019 1806 1060 1851 ei
1099 1815 1195 1851 tota
1226 1803 1528 1864 redderetuffi

123 1902 273 1950 neque
292 1901 447 1932 comes
457 1920 471 1942 ,
498 1884 586 1930 nisi
605 1883 910 1930 Buamundus
928 1899 1006 1929 eos
1025 1882 1350 1928 comitaretur.
1368 1879 1534 1927 Comes

121 1963 330 2008 Marram
363 1972 433 2009 est
458 1977 671 2007 reversus
695 1962 792 2023 (2),
830 1959 911 2005 ubi
943 1958 1224 2005 christianus
1253 1957 1373 2003 'same
1401 1956 1534 2019 peri-

123 2038 376 2085 clitabatur
422 2038 671 2084 exercitus.
724 2035 938 2083 Tandem
995 2034 1137 2081 corde
1192 2043 1504 2096 compunctus
1519 2069 1530 2088 ,
1552 2070 1555 2072 ,

124 2118 285 2164 animo
309 2133 392 2164 suo
415 2115 681 2163 liberaliter
705 2114 974 2161 dominatus
999 2123 1091 2167 est,
1115 2122 1162 2158 et
1181 2122 1234 2157 ut
1252 2111 1337 2157 Dei
1361 2110 1535 2156 militi-

127 2195 212 2242 bus
235 2195 520 2252 consuleret,
546 2193 688 2241 eundi
710 2193 758 2239 in
782 2191 1044 2238 Jerusalem
1070 2192 1159 2236 iter
1183 2205 1423 2254 aggressus
1447 2198 1532 2234 est.

174 2375 224 2420 (1)
242 2374 294 2409 Ce
320 2386 366 2408 ne
390 2373 447 2407 fut
470 2384 533 2419 pas
560 2371 761 2420 seulement
785 2369 972 2404 Boemond
1001 2370 1065 2416 qui
1095 2374 1267 2402 retourna
1292 2368 1310 2400 a
1339 2365 1538 2405 Antioche,

131 2435 218 2469 mais
238 2446 369 2469 encore
386 2432 565 2468 Godefroi
586 2438 623 2466 et
641 2430 673 2465 le
693 2436 812 2465 comte
835 2428 880 2463 de
902 2427 1072 2462 Flandre.
1100 2426 1298 2467 Godesroi‚
1324 2425 1428 2471 apres
1451 2424 1541 2459 Fen-

132 2501 255 2528 trevue
276 2492 321 2527 de
344 2492 484 2538 Rugia,
510 2491 641 2538 profita
664 2489 709 2524 de
736 2500 775 2523 ce
804 2487 906 2522 loisir
932 2499 1025 2533 pour
1050 2486 1137 2522 aller
1161 2489 1180 2520 a
1205 2480 1336 2519 Edesse
1360 2485 1450 2519 faire
1473 2496 1542 2518 une

133 2553 234 2588 visite
252 2554 271 2587 a
289 2564 353 2586 son
372 2552 467 2587 frere
484 2550 688 2586 Baudouin.

179 2614 230 2657 (2)
251 2612 419 2646 Pendant
439 2612 614 2645 l'ahscuce
633 2610 680 2643 du
701 2616 818 2642 comte
839 2608 882 2641 de
903 2606 1105 2647 Toulousc,
1130 2605 1179 2638 los
1198 2605 1330 2639 emises
1348 2603 1434 2650 qu'il
1454 2602 1545 2635 avait

135 2673 253 2706 laisses
272 2673 290 2705 a
309 2672 453 2705 Marrali
466 2699 474 2713 ‚
495 2670 680 2716 exasperes
699 2668 742 2702 dc
762 2680 801 2701 cc
819 2667 930 2712 qu'on
948 2666 1029 2699 11⁷cn
1050 2665 1197 2698 finissail
1219 2664 1320 2709 point
1338 2662 1381 2695 (lc
1397 2662 1446 2695 les
1463 2673 1545 2695 con-

134 2730 239 2765 ‹luirc
257 2732 274 2764 a
295 2729 516 2768 Jerusalem,
539 2728 755 2763 demolirem
779 2725 828 2759 les
848 2724 1032 2759 murailles
1051 2723 1094 2756 dc
1113 2722 1143 2755 la
1164 2721 1259 2755 ville.
