2085 3455
611 294 687 333 438
982 291 1223 329 HISTORIA
1253 289 1651 328 ECCLESIASTICA.

610 379 994 445 iiy‘ormationem
1041 378 1153 425 boni
1202 394 1530 424 commemoro.
1582 376 1681 421 Sed
1729 376 1840 422 inde
1881 378 2013 425 nulla

611 459 746 506 vobis
765 458 973 505 violenta
999 458 1254 521 imponitur
1274 458 1489 512 exactio,
1519 455 1662 499 immo
1686 453 1890 500 salubris
1905 472 2014 519 pro—

608 537 807 600 ponitur
829 536 1099 599 persuasio.
1139 533 1321 578 Verum
1351 530 1420 576 acl
1455 529 1707 576 tenendam
1740 546 1831 593 per
1862 533 2015 577 omnia

612 617 772 658 sancti
793 610 1047 657 Benedicti
1075 609 1292 671 regulam
1317 626 1399 654 *vos
1425 608 1594 662 invito,
1624 623 1768 669 quam
1797 607 1845 651 in
1873 607 2017 672 pluri-

615 689 702 735 bus
725 688 1069 753 praevaricari,
1107 686 1373 733 secundum
1407 684 1461 730 id
1495 683 1624 747 quod
1650 681 1853 747 prcffessi
1884 686 2012 743 estis,

617 784 697 812 vos
720 766 956 812 veraciter
971 781 1202 828 agnosco.
1230 763 1368 810 Unde
1385 764 1577 827 superni
1592 761 1782 825 judicis
1803 761 2019 808 animad-

615 845 871 891 versionem
899 842 1204 906 pertimesco,
1241 858 1300 886 ne
1332 844 1380 886 in
1409 858 1495 886 nos
1523 839 1751 885 desoeoiat
1775 855 1864 903 pro
1893 849 2018 885 reatu

616 921 1032 983 transgressionis,
1060 919 1110 963 in
1135 917 1376 964 tremendo
1393 917 1604 981 judicio.

678 997 750 1043 Ad
779 996 880 1043 haec
903 995 1123 1042 monachi
1147 994 1496 1059 responderunt
1522 1014 1531 1039 ι
1561 995 1741 1040 Beatus
1766 1004 1906 1057 pater
1929 993 2020 1040 Be-

614 1074 858 1132 nedictus,
881 1085 931 1120 ut
950 1073 1084 1120 nobis
1103 1073 1320 1119 omnibus
1340 1073 1574 1119 evidenter
1587 1075 1816 1136 patescit,
1842 1071 2022 1117 beatum

615 1153 875 1209 BIaurum,
918 1152 1198 1198 monasterii
1231 1154 1307 1198 sui
1339 1152 1577 1215 priorem,
1608 1167 1745 1214 quem
1771 1167 1803 1195 a
1820 1151 2022 1213 pueritia

617 1232 871 1287 nutrierat,
900 1229 950 1274 in
978 1228 1196 1274 Galliam
1214 1228 1367 1285 misit,
1396 1236 1440 1273 et
1464 1227 1637 1273 librum
1659 1226 1864 1290 regulae,
1893 1242 2021 1289 quem

620 1309 720 1372 ipse
744 1309 820 1354 vir
840 1308 932 1354 Dei
951 1308 1152 1372 propria
1175 1324 1324 1352 manu
1350 1307 1657 1371 conscripsit,
1686 1316 1729 1351 et
1753 1304 1923 1351 libram
1940 1322 2024 1369 pa-

618 1385 693 1430 nis
713 1383 1046 1448 heminamque
1063 1384 1169 1428 vini
1175 1401 1271 1448 per
1285 1400 1393 1428 eum
1412 1383 1621 1429 Francis
1638 1382 1908 1428 destinavit.
1933 1381 1986 1427 H
1984 1382 2025 1427 ic

619 1479 649 1507 a
673 1460 997 1508 leeodeberto
1018 1478 1127 1523 rege
1145 1471 1393 1525 susceptus
1407 1498 1421 1517 ,
1448 1477 1593 1524 usque
1612 1459 1682 1505 acl
1696 1458 1876 1505 obitum
1894 1474 2025 1504 suum

620 1541 668 1584 in
695 1539 865 1585 Gallia
879 1539 1176 1604 permansit,
1203 1548 1349 1599 atque
1372 1537 1541 1593 Floro,
1568 1537 1694 1601 regis
1731 1535 2000 1582 consiliario
2006 1571 2021 1590 ,

621 1617 912 1681 adjuvante,
945 1615 1210 1662 coenobium
1235 1617 1523 1672 construxit,
1554 1615 1712 1678 ibique
1742 1631 1827 1660 CXL
1859 1627 2027 1660 mona-

623 1693 764 1751 chos,
799 1695 848 1739 in
880 1694 983 1740 loco
1015 1696 1097 1754 qui
1134 1691 1486 1754 Glannffolium
1519 1692 1717 1750 dicitur,
1755 1691 2030 1753 regulariter

623 1772 852 1818 instruxit
893 1770 1275 1833 (1).Discretus
1317 1780 1478 1815 autem
1498 1780 1501 1783 *
1512 1779 1656 1833 pater
1697 1771 1902 1815 Maurus
1942 1784 2028 1814 non

624 1867 776 1895 mores
802 1848 1172 1914 AEgyyytiorum,
1213 1848 1298 1911 qui
1327 1847 1476 1893 nimio
1509 1846 1626 1893 solis
1658 1846 1829 1893 ardore
1851 1847 2032 1911 jugiter

625 1936 859 1983 aestuant,
887 1925 1101 1970 imitatus
1127 1935 1225 1979 est,·
1250 1926 1337 1970 secl
1359 1927 1475 1969 ritus
1502 1922 1780 1980 Gallorum,
1807 1925 1886 1987 qui
1908 1937 2031 1986 scepe

626 2002 834 2050 brumali
843 2002 958 2067 gelu
979 2003 1029 2047 in
1055 2002 1312 2048 Occidente
1332 2002 1725 2057 contremiscunt,
1743 2003 1821 2064 pie
1841 1999 2028 2045 intuitus

626 2091 719 2137 est,
741 2081 866 2126 sicut
888 2097 920 2125 a
943 2077 1186 2143 spirituali
1205 2080 1438 2142 magistro
1461 2077 1720 2124 salubriter
1736 2077 1928 2143 edoctus
1947 2085 2025 2121 est.

625 2157 761 2203 Dicit
779 2157 902 2202 enim
921 2167 1120 2202 sanctus
1134 2156 1426 2201 Benedictus
1449 2174 1462 2201 .·
1484 2154 1773 2202 Vestimenta
1794 2151 2026 2210 fratribus,

626 2233 883 2281 secundum
902 2234 1120 2280 locorum
1138 2234 1413 2298 qualitatem
1431 2231 1512 2277 ubi
1530 2230 1763 2288 habitant,
1784 2231 1859 2277 vel
1874 2245 2028 2276 aerum

626 2311 929 2374 temperiem,
961 2310 1148 2356 dentur.
1187 2310 1275 2370 Qui
1312 2310 1359 2356 in
1390 2309 1571 2373 frigidis
1605 2307 1877 2372 regionibus
1889 2343 1902 2365 ,
1931 2322 2027 2352 am-

625 2389 771 2452 plius;
800 2389 849 2434 in
874 2387 1031 2434 calidis
1055 2404 1192 2446 vero,
1218 2388 1375 2434 minus
1401 2386 1632 2451 indigent.
1659 2387 1770 2432 Haec
1794 2402 1908 2449 ergo
1927 2398 2029 2429 con-

626 2466 847 2512 sideratio
865 2482 1006 2528 penes
1025 2465 1246 2512 abbatem
1276 2476 1360 2512 est.
1395 2468 1473 2512 Sic
1494 2467 1637 2511 etiam
1658 2465 1719 2511 cle
1738 2464 1841 2511 cibo
1860 2473 1904 2509 et
1920 2470 2027 2527 potu

671 2618 720 2662 (1)
740 2616 843 2652 Saiut
861 2617 965 2650 Maur
986 2617 1101 2651 arriva
1120 2618 1138 2651 ἐι
1157 2617 1342 2652 Glanfeuil
1365 2630 1410 2652 en
1431 2616 1513 2659 545¹.
1539 2618 1599 2652 On
1618 2630 1638 2652 a
1656 2618 1762 2664 peine
1781 2619 1800 2651 ἐι
1819 2615 2026 2662 s'expliquer

627 2682 811 2711 comment
830 2674 977 2721 l'Anjou
998 2677 1144 2722 pouvait
1162 2677 1373 2723 apparteuir
1394 2678 1413 2710 ἐι
1436 2676 1691 2720 Theodebert‚
1714 2677 1767 2711 roi
1793 2672 2024 2713 d’Austrasie3

627 2734 829 2782 eependant
847 2734 879 2769 le
898 2734 963 2768 fait
982 2735 1062 2769 11⁷en
1081 2736 1197 2780 pai-ait
1215 2748 1276 2782 pas
1295 2736 1412 2770 moins
1431 2736 1573 2782 positis,
1597 2735 1738 2782 d’apres
1755 2735 1788 2770 le
1806 2733 2025 2779 temoignage

628 2793 677 2827 du
694 2792 895 2839 biographe
913 2794 1200 2839 coniemporaiu.
