<?xml version="1.0" encoding="UTF-8"?>
<!DOCTYPE html PUBLIC "-//W3C//DTD XHTML 1.0 Transitional//EN"
    "http://www.w3.org/TR/xhtml1/DTD/xhtml1-transitional.dtd">
<html xmlns="http://www.w3.org/1999/xhtml" xml:lang="en" lang="en">
 <head>
  <title>
</title>
<meta http-equiv="Content-Type" content="text/html;charset=utf-8" />
  <meta name='ocr-system' content='tesseract 3.04.00' />
  <meta name='ocr-capabilities' content='ocr_page ocr_carea ocr_par ocr_line ocrx_word'/>
</head>
<body>
  <div class='ocr_page' id='page_1' title='image "./ordericivitalish03ordeuoft/ordericivitalish03ordeuoft_0181.png"; bbox 0 0 2033 3445; ppageno 0'>
   <div class='ocr_carea' id='block_1_1' title="bbox 575 272 1469 315">
    <p class='ocr_par' dir='ltr' id='par_1_1' title="bbox 575 272 1469 315">
     <span class='ocr_line' id='line_1_1' title="bbox 575 272 1469 315; baseline 0.006 -5"><span class='ocrx_word' id='word_1_1' title='bbox 575 274 726 311; x_wconf 85' lang='lat' dir='ltr'>LIBER</span> <span class='ocrx_word' id='word_1_2' title='bbox 755 272 962 311; x_wconf 88' lang='lat' dir='ltr'><strong>SEXTUS.</strong></span> <span class='ocrx_word' id='word_1_3' title='bbox 1395 278 1469 315; x_wconf 77' lang='lat'><strong>135</strong></span> 
     </span>
    </p>
   </div>
   <div class='ocr_carea' id='block_1_2' title="bbox 60 356 1477 1579">
    <p class='ocr_par' dir='ltr' id='par_1_2' title="bbox 60 356 1477 1579">
     <span class='ocr_line' id='line_1_2' title="bbox 73 356 1471 427; baseline 0.001 -20"><span class='ocrx_word' id='word_1_4' title='bbox 73 360 259 427; x_wconf 88' lang='lat' dir='ltr'><strong>quibus,</strong></span> <span class='ocrx_word' id='word_1_5' title='bbox 283 358 339 405; x_wconf 90' lang='lat' dir='ltr'><strong>de</strong></span> <span class='ocrx_word' id='word_1_6' title='bbox 360 368 514 405; x_wconf 89' lang='lat' dir='ltr'><strong>morte</strong></span> <span class='ocrx_word' id='word_1_7' title='bbox 536 357 777 405; x_wconf 89' lang='lat' dir='ltr'><strong>Guillelmi</strong></span> <span class='ocrx_word' id='word_1_8' title='bbox 797 358 922 422; x_wconf 80' lang='lat' dir='ltr'><strong>regis</strong></span> <span class='ocrx_word' id='word_1_9' title='bbox 940 356 1059 404; x_wconf 84' lang='lat' dir='ltr'><strong>etde</strong></span> <span class='ocrx_word' id='word_1_10' title='bbox 1080 358 1231 404; x_wconf 86' lang='lat' dir='ltr'><strong>tribus</strong></span> <span class='ocrx_word' id='word_1_11' title='bbox 1247 359 1355 406; x_wconf 87' lang='lat' dir='ltr'><strong>filiis</strong></span> <span class='ocrx_word' id='word_1_12' title='bbox 1376 363 1471 425; x_wconf 84' lang='lat' dir='ltr'><strong>ejus</strong></span> 
     </span>
     <span class='ocr_line' id='line_1_3' title="bbox 71 435 1472 503; baseline 0.001 -19"><span class='ocrx_word' id='word_1_13' title='bbox 71 438 205 503; x_wconf 86' lang='lat' dir='ltr'><strong>plura</strong></span> <span class='ocrx_word' id='word_1_14' title='bbox 223 435 369 493; x_wconf 90' lang='lat' dir='ltr'><strong>edidi,</strong></span> <span class='ocrx_word' id='word_1_15' title='bbox 399 446 444 482; x_wconf 90' lang='lat' dir='ltr'><strong>et</strong></span> <span class='ocrx_word' id='word_1_16' title='bbox 468 436 558 482; x_wconf 88' lang='lat' dir='ltr'><strong>iter</strong></span> <span class='ocrx_word' id='word_1_17' title='bbox 575 435 1049 499; x_wconf 81' lang='lat' dir='ltr'><strong>Jerosolymitanum,</strong></span> <span class='ocrx_word' id='word_1_18' title='bbox 1077 447 1362 501; x_wconf 76' lang='lat' dir='ltr'><strong>eventusque</strong></span> <span class='ocrx_word' id='word_1_19' title='bbox 1385 457 1472 485; x_wconf 86' lang='lat' dir='ltr'><strong>va-</strong></span> 
     </span>
     <span class='ocr_line' id='line_1_4' title="bbox 71 511 1477 576; baseline 0.001 -16"><span class='ocrx_word' id='word_1_20' title='bbox 71 515 166 561; x_wconf 89' lang='lat' dir='ltr'><strong>rios</strong></span> <span class='ocrx_word' id='word_1_21' title='bbox 195 511 366 560; x_wconf 89' lang='lat' dir='ltr'><strong>nostris</strong></span> <span class='ocrx_word' id='word_1_22' title='bbox 395 511 687 575; x_wconf 86' lang='lat' dir='ltr'><strong>temporibus</strong></span> <span class='ocrx_word' id='word_1_23' title='bbox 718 513 1071 576; x_wconf 81' lang='lat' dir='ltr'><strong>contingenteS,</strong></span> <span class='ocrx_word' id='word_1_24' title='bbox 1113 512 1360 560; x_wconf 77' lang='lat' dir='ltr'><strong>referendo</strong></span> <span class='ocrx_word' id='word_1_25' title='bbox 1395 515 1477 561; x_wconf 89' lang='lat' dir='ltr'><strong>ad-</strong></span> 
     </span>
     <span class='ocr_line' id='line_1_5' title="bbox 71 587 1476 652; baseline 0.001 -17"><span class='ocrx_word' id='word_1_26' title='bbox 71 589 183 635; x_wconf 85' lang='lat' dir='ltr'><strong>didi.</strong></span> <span class='ocrx_word' id='word_1_27' title='bbox 205 588 542 651; x_wconf 88' lang='lat' dir='ltr'><strong>Cunctipotens</strong></span> <span class='ocrx_word' id='word_1_28' title='bbox 561 587 758 635; x_wconf 84' lang='lat' dir='ltr'><strong>Creator</strong></span> <span class='ocrx_word' id='word_1_29' title='bbox 774 598 827 634; x_wconf 87' lang='lat' dir='ltr'><strong>ut</strong></span> <span class='ocrx_word' id='word_1_30' title='bbox 842 587 900 634; x_wconf 91' lang='lat' dir='ltr'><strong>ab</strong></span> <span class='ocrx_word' id='word_1_31' title='bbox 922 588 1059 635; x_wconf 90' lang='lat' dir='ltr'><strong>initio</strong></span> <span class='ocrx_word' id='word_1_32' title='bbox 1079 589 1245 652; x_wconf 86' lang='lat' dir='ltr'><strong>coepit,</strong></span> <span class='ocrx_word' id='word_1_33' title='bbox 1269 590 1334 636; x_wconf 91' lang='lat' dir='ltr'><strong>sie</strong></span> <span class='ocrx_word' id='word_1_34' title='bbox 1355 591 1476 637; x_wconf 88' lang='lat' dir='ltr'><strong>mire</strong></span> 
     </span>
     <span class='ocr_line' id='line_1_6' title="bbox 71 664 1475 729; baseline 0 -18"><span class='ocrx_word' id='word_1_35' title='bbox 71 664 274 729; x_wconf 79' lang='lat' dir='ltr'><strong>disponit</strong></span> <span class='ocrx_word' id='word_1_36' title='bbox 292 681 452 710; x_wconf 88' lang='lat' dir='ltr'><strong>cursus</strong></span> <span class='ocrx_word' id='word_1_37' title='bbox 465 664 764 722; x_wconf 85' lang='lat' dir='ltr'><strong>saecqurum,</strong></span> <span class='ocrx_word' id='word_1_38' title='bbox 785 675 831 711; x_wconf 89' lang='lat' dir='ltr'><strong>et</strong></span> <span class='ocrx_word' id='word_1_39' title='bbox 849 664 1023 712; x_wconf 88' lang='lat' dir='ltr'><strong>dociles</strong></span> <span class='ocrx_word' id='word_1_40' title='bbox 1041 665 1278 712; x_wconf 89' lang='lat' dir='ltr'><strong>instruens</strong></span> <span class='ocrx_word' id='word_1_41' title='bbox 1294 666 1475 713; x_wconf 89' lang='lat' dir='ltr'><strong>animos</strong></span> 
     </span>
     <span class='ocr_line' id='line_1_7' title="bbox 71 741 1470 806; baseline 0.001 -19"><span class='ocrx_word' id='word_1_42' title='bbox 71 741 438 806; x_wconf 80' lang='lat' dir='ltr'><strong>terrigenarum,</strong></span> <span class='ocrx_word' id='word_1_43' title='bbox 476 759 500 787; x_wconf 86' lang='lat' dir='ltr'><strong>a</strong></span> <span class='ocrx_word' id='word_1_44' title='bbox 530 742 674 789; x_wconf 85' lang='lat' dir='ltr'><strong>noxio</strong></span> <span class='ocrx_word' id='word_1_45' title='bbox 702 752 891 789; x_wconf 85' lang='lat' dir='ltr'><strong>revocat</strong></span> <span class='ocrx_word' id='word_1_46' title='bbox 925 743 1138 806; x_wconf 88' lang='lat' dir='ltr'><strong>appetitu</strong></span> <span class='ocrx_word' id='word_1_47' title='bbox 1170 742 1470 801; x_wconf 88' lang='lat' dir='ltr'><strong>infimorum,</strong></span> 
     </span>
     <span class='ocr_line' id='line_1_8' title="bbox 69 818 1475 882; baseline 0.003 -17"><span class='ocrx_word' id='word_1_48' title='bbox 69 837 120 866; x_wconf 89' lang='lat' dir='ltr'><strong>ac</strong></span> <span class='ocrx_word' id='word_1_49' title='bbox 156 829 382 882; x_wconf 89' lang='lat' dir='ltr'><strong>provocat</strong></span> <span class='ocrx_word' id='word_1_50' title='bbox 416 818 474 864; x_wconf 92' lang='lat' dir='ltr'><strong>ad</strong></span> <span class='ocrx_word' id='word_1_51' title='bbox 507 820 730 878; x_wconf 84' lang='lat' dir='ltr'><strong>meliora,</strong></span> <span class='ocrx_word' id='word_1_52' title='bbox 769 820 1154 868; x_wconf 86' lang='lat' dir='ltr'><strong>memorabilium</strong></span> <span class='ocrx_word' id='word_1_53' title='bbox 1184 820 1475 869; x_wconf 79' lang='lat' dir='ltr'><strong>exhibitione</strong></span> 
     </span>
     <span class='ocr_line' id='line_1_9' title="bbox 68 895 1475 961; baseline 0.002 -18"><span class='ocrx_word' id='word_1_54' title='bbox 68 907 322 961; x_wconf 81' lang='lat' dir='ltr'><strong>gestorum.</strong></span> <span class='ocrx_word' id='word_1_55' title='bbox 356 895 477 942; x_wconf 87' lang='lat' dir='ltr'><strong>Nam</strong></span> <span class='ocrx_word' id='word_1_56' title='bbox 507 896 766 961; x_wconf 87' lang='lat' dir='ltr'><strong>dejectione</strong></span> <span class='ocrx_word' id='word_1_57' title='bbox 802 897 1076 944; x_wconf 86' lang='lat' dir='ltr'><strong>sublimium</strong></span> <span class='ocrx_word' id='word_1_58' title='bbox 1108 909 1155 945; x_wconf 89' lang='lat' dir='ltr'><strong>et</strong></span> <span class='ocrx_word' id='word_1_59' title='bbox 1192 899 1475 946; x_wconf 85' lang='lat' dir='ltr'><strong>exaltatione</strong></span> 
     </span>
     <span class='ocr_line' id='line_1_10' title="bbox 68 972 1474 1038; baseline 0.002 -19"><span class='ocrx_word' id='word_1_60' title='bbox 68 973 317 1019; x_wconf 87' lang='lat' dir='ltr'><strong>humilium</strong></span> <span class='ocrx_word' id='word_1_61' title='bbox 339 1009 351 1029; x_wconf 90' lang='lat'>,</span> <span class='ocrx_word' id='word_1_62' title='bbox 399 972 701 1020; x_wconf 88' lang='lat' dir='ltr'><strong>damnatione</strong></span> <span class='ocrx_word' id='word_1_63' title='bbox 754 974 1076 1038; x_wconf 79' lang='lat' dir='ltr'><strong>reproborum</strong></span> <span class='ocrx_word' id='word_1_64' title='bbox 1123 986 1169 1022; x_wconf 86' lang='lat' dir='ltr'><strong>et</strong></span> <span class='ocrx_word' id='word_1_65' title='bbox 1218 976 1474 1023; x_wconf 82' lang='lat' dir='ltr'><strong>salvatione</strong></span> 
     </span>
     <span class='ocr_line' id='line_1_11' title="bbox 60 1051 1474 1118; baseline 0.002 -21"><span class='ocrx_word' id='word_1_66' title='bbox 60 1053 295 1116; x_wconf 88' lang='lat' dir='ltr'><strong>justorum</strong></span> <span class='ocrx_word' id='word_1_67' title='bbox 330 1052 614 1098; x_wconf 88' lang='lat' dir='ltr'><strong>incessanter</strong></span> <span class='ocrx_word' id='word_1_68' title='bbox 649 1051 866 1106; x_wconf 83' lang='lat' dir='ltr'><strong>eruditur</strong></span> <span class='ocrx_word' id='word_1_69' title='bbox 903 1070 1048 1118; x_wconf 80' lang='lat' dir='ltr'><strong>genus</strong></span> <span class='ocrx_word' id='word_1_70' title='bbox 1082 1052 1374 1112; x_wconf 89' lang='lat' dir='ltr'><strong>humanum,</strong></span> <span class='ocrx_word' id='word_1_71' title='bbox 1417 1071 1474 1100; x_wconf 90' lang='lat' dir='ltr'><strong>ne</strong></span> 
     </span>
     <span class='ocr_line' id='line_1_12' title="bbox 65 1127 1476 1193; baseline 0.001 -20"><span class='ocrx_word' id='word_1_72' title='bbox 65 1145 150 1191; x_wconf 86' lang='lat' dir='ltr'><strong>per</strong></span> <span class='ocrx_word' id='word_1_73' title='bbox 177 1127 489 1175; x_wconf 86' lang='lat' dir='ltr'><strong>execrabilem</strong></span> <span class='ocrx_word' id='word_1_74' title='bbox 524 1127 871 1175; x_wconf 84' lang='lat' dir='ltr'><strong>theomachiam</strong></span> <span class='ocrx_word' id='word_1_75' title='bbox 898 1128 979 1176; x_wconf 88' lang='lat' dir='ltr'><strong>fiat</strong></span> <span class='ocrx_word' id='word_1_76' title='bbox 1009 1131 1287 1193; x_wconf 69' lang='lat' dir='ltr'><strong>profanum,</strong></span> <span class='ocrx_word' id='word_1_77' title='bbox 1319 1129 1397 1176; x_wconf 88' lang='lat' dir='ltr'><strong>sed</strong></span> <span class='ocrx_word' id='word_1_78' title='bbox 1423 1140 1476 1175; x_wconf 90' lang='lat' dir='ltr'><strong>ut</strong></span> 
     </span>
     <span class='ocr_line' id='line_1_13' title="bbox 65 1204 1472 1272; baseline 0.002 -21"><span class='ocrx_word' id='word_1_79' title='bbox 65 1204 278 1252; x_wconf 91' lang='lat' dir='ltr'><strong>divinum</strong></span> <span class='ocrx_word' id='word_1_80' title='bbox 304 1223 489 1270; x_wconf 90' lang='lat' dir='ltr'><strong>semper</strong></span> <span class='ocrx_word' id='word_1_81' title='bbox 503 1217 684 1253; x_wconf 90' lang='lat' dir='ltr'><strong>metuat</strong></span> <span class='ocrx_word' id='word_1_82' title='bbox 702 1207 932 1271; x_wconf 89' lang='lat' dir='ltr'><strong>judicium</strong></span> <span class='ocrx_word' id='word_1_83' title='bbox 955 1219 1001 1254; x_wconf 88' lang='lat' dir='ltr'><strong>et</strong></span> <span class='ocrx_word' id='word_1_84' title='bbox 1019 1207 1184 1272; x_wconf 81' lang='lat' dir='ltr'><strong>diligat</strong></span> <span class='ocrx_word' id='word_1_85' title='bbox 1202 1209 1472 1272; x_wconf 87' lang='lat' dir='ltr'><strong>imperium,</strong></span> 
     </span>
     <span class='ocr_line' id='line_1_14' title="bbox 66 1281 1476 1350; baseline 0.002 -22"><span class='ocrx_word' id='word_1_86' title='bbox 66 1281 398 1329; x_wconf 79' lang='lat' dir='ltr'><strong>inobedientiae</strong></span> <span class='ocrx_word' id='word_1_87' title='bbox 417 1282 593 1329; x_wconf 84' lang='lat' dir='ltr'><strong>devitet</strong></span> <span class='ocrx_word' id='word_1_88' title='bbox 615 1294 824 1343; x_wconf 89' lang='lat' dir='ltr'><strong>reatum,</strong></span> <span class='ocrx_word' id='word_1_89' title='bbox 846 1294 894 1331; x_wconf 89' lang='lat' dir='ltr'><strong>et</strong></span> <span class='ocrx_word' id='word_1_90' title='bbox 911 1283 1097 1331; x_wconf 87' lang='lat' dir='ltr'><strong>fidelem</strong></span> <span class='ocrx_word' id='word_1_91' title='bbox 1110 1286 1288 1350; x_wconf 83' lang='lat' dir='ltr'><strong>jugiter</strong></span> <span class='ocrx_word' id='word_1_92' title='bbox 1305 1285 1476 1332; x_wconf 79' lang='lat' dir='ltr'><strong>offerat</strong></span> 
     </span>
     <span class='ocr_line' id='line_1_15' title="bbox 66 1359 1473 1426; baseline 0.001 -21"><span class='ocrx_word' id='word_1_93' title='bbox 66 1359 345 1406; x_wconf 89' lang='lat' dir='ltr'><strong>famulatum</strong></span> <span class='ocrx_word' id='word_1_94' title='bbox 380 1360 508 1406; x_wconf 83' lang='lat' dir='ltr'><strong>Patri</strong></span> <span class='ocrx_word' id='word_1_95' title='bbox 550 1371 596 1406; x_wconf 87' lang='lat' dir='ltr'><strong>et</strong></span> <span class='ocrx_word' id='word_1_96' title='bbox 634 1360 785 1419; x_wconf 86' lang='lat' dir='ltr'><strong>Filio,</strong></span> <span class='ocrx_word' id='word_1_97' title='bbox 825 1362 1115 1426; x_wconf 87' lang='lat' dir='ltr'><strong>Spirituique</strong></span> <span class='ocrx_word' id='word_1_98' title='bbox 1156 1363 1348 1419; x_wconf 85' lang='lat' dir='ltr'><strong>Sancto,</strong></span> <span class='ocrx_word' id='word_1_99' title='bbox 1392 1364 1473 1408; x_wconf 88' lang='lat' dir='ltr'><strong>uni</strong></span> 
     </span>
     <span class='ocr_line' id='line_1_16' title="bbox 67 1438 1472 1503; baseline 0.001 -19"><span class='ocrx_word' id='word_1_100' title='bbox 67 1438 192 1495; x_wconf 89' lang='lat' dir='ltr'><strong>Deo,</strong></span> <span class='ocrx_word' id='word_1_101' title='bbox 224 1438 323 1502; x_wconf 79' lang='lat' dir='ltr'><strong>regi</strong></span> <span class='ocrx_word' id='word_1_102' title='bbox 346 1438 654 1496; x_wconf 78' lang='lat' dir='ltr'><strong>saeculorum,</strong></span> <span class='ocrx_word' id='word_1_103' title='bbox 677 1438 982 1503; x_wconf 88' lang='lat' dir='ltr'><strong>Dominoque</strong></span> <span class='ocrx_word' id='word_1_104' title='bbox 1006 1439 1362 1497; x_wconf 88' lang='lat' dir='ltr'><strong>universorum,</strong></span> <span class='ocrx_word' id='word_1_105' title='bbox 1392 1440 1472 1503; x_wconf 87' lang='lat' dir='ltr'><strong>qui</strong></span> 
     </span>
     <span class='ocr_line' id='line_1_17' title="bbox 69 1515 1470 1579; baseline 0.001 -20"><span class='ocrx_word' id='word_1_106' title='bbox 69 1515 184 1561; x_wconf 86' lang='lat' dir='ltr'><strong>vivit</strong></span> <span class='ocrx_word' id='word_1_107' title='bbox 206 1526 252 1561; x_wconf 88' lang='lat' dir='ltr'><strong>et</strong></span> <span class='ocrx_word' id='word_1_108' title='bbox 277 1526 444 1579; x_wconf 82' lang='lat' dir='ltr'><strong>regnat</strong></span> <span class='ocrx_word' id='word_1_109' title='bbox 470 1532 555 1578; x_wconf 89' lang='lat' dir='ltr'><strong>per</strong></span> <span class='ocrx_word' id='word_1_110' title='bbox 578 1515 760 1562; x_wconf 86' lang='lat' dir='ltr'><strong>infinita</strong></span> <span class='ocrx_word' id='word_1_111' title='bbox 787 1516 952 1562; x_wconf 84' lang='lat' dir='ltr'><strong>saecula</strong></span> <span class='ocrx_word' id='word_1_112' title='bbox 983 1517 1288 1574; x_wconf 72' lang='lat' dir='ltr'><strong>saeculorum,</strong></span> <span class='ocrx_word' id='word_1_113' title='bbox 1316 1533 1470 1564; x_wconf 86' lang='lat' dir='ltr'><strong>amen.</strong></span> 
     </span>
    </p>
   </div>
   <div class='ocr_carea' id='block_1_3' title="bbox 253 1623 1137 1730">
    <p class='ocr_par' dir='ltr' id='par_1_3' title="bbox 253 1623 1137 1730">
     <span class='ocr_line' id='line_1_18' title="bbox 253 1623 1137 1670; baseline 0.002 -13"><span class='ocrx_word' id='word_1_114' title='bbox 253 1623 371 1670; x_wconf 83' lang='lat' dir='ltr'><strong>Virgo</strong></span> <span class='ocrx_word' id='word_1_115' title='bbox 386 1634 516 1670; x_wconf 87' lang='lat' dir='ltr'><strong>parens</strong></span> <span class='ocrx_word' id='word_1_116' title='bbox 531 1623 601 1658; x_wconf 93' lang='lat' dir='ltr'><strong>duc</strong></span> <span class='ocrx_word' id='word_1_117' title='bbox 619 1624 854 1670; x_wconf 83' lang='lat' dir='ltr'><strong>Evvrigenas,</strong></span> <span class='ocrx_word' id='word_1_118' title='bbox 875 1637 895 1659; x_wconf 94' lang='lat' dir='ltr'><strong>o</strong></span> <span class='ocrx_word' id='word_1_119' title='bbox 910 1625 1020 1670; x_wconf 85' lang='lat' dir='ltr'><strong>janua</strong></span> <span class='ocrx_word' id='word_1_120' title='bbox 1039 1624 1137 1666; x_wconf 63' lang='lat' dir='ltr'><strong>coeli3</strong></span> 
     </span>
     <span class='ocr_line' id='line_1_19' title="bbox 253 1682 1127 1730; baseline 0.003 -14"><span class='ocrx_word' id='word_1_121' title='bbox 253 1682 357 1718; x_wconf 86' lang='lat' dir='ltr'><strong>Tolle</strong></span> <span class='ocrx_word' id='word_1_122' title='bbox 374 1689 436 1717; x_wconf 88' lang='lat' dir='ltr'><strong>tua</strong></span> <span class='ocrx_word' id='word_1_123' title='bbox 455 1684 586 1729; x_wconf 85' lang='lat' dir='ltr'><strong>pressis</strong></span> <span class='ocrx_word' id='word_1_124' title='bbox 602 1690 722 1718; x_wconf 87' lang='lat' dir='ltr'><strong>tantos</strong></span> <span class='ocrx_word' id='word_1_125' title='bbox 740 1685 875 1730; x_wconf 83' lang='lat' dir='ltr'><strong>pietate</strong></span> <span class='ocrx_word' id='word_1_126' title='bbox 891 1684 1031 1719; x_wconf 84' lang='lat' dir='ltr'><strong>labores</strong></span> <span class='ocrx_word' id='word_1_127' title='bbox 1048 1686 1054 1718; x_wconf 91' lang='lat'>!</span> <span class='ocrx_word' id='word_1_128' title='bbox 1078 1685 1089 1728; x_wconf 86' lang='lat'><em>(</em></span> <span class='ocrx_word' id='word_1_129' title='bbox 1099 1688 1127 1729; x_wconf 89' lang='grc' dir='ltr'><strong>ι)</strong></span> 
     </span>
    </p>
   </div>
   <div class='ocr_carea' id='block_1_4' title="bbox 597 1795 939 1824">
    <p class='ocr_par' dir='ltr' id='par_1_4' title="bbox 597 1795 939 1824">
     <span class='ocr_line' id='line_1_20' title="bbox 597 1795 939 1824; baseline 0 -1"><span class='ocrx_word' id='word_1_130' title='bbox 597 1795 656 1823; x_wconf 85' lang='grc' dir='ltr'><strong>ΑΙ)</strong></span> <span class='ocrx_word' id='word_1_131' title='bbox 684 1795 920 1824; x_wconf 82' lang='lat' dir='ltr'>LECTOREM</span> <span class='ocrx_word' id='word_1_132' title='bbox 930 1813 939 1823; x_wconf 86' lang='lat'><strong>.</strong></span> 
     </span>
    </p>
   </div>
   <div class='ocr_carea' id='block_1_5' title="bbox 204 1889 1277 1996">
    <p class='ocr_par' dir='ltr' id='par_1_5' title="bbox 204 1889 1277 1996">
     <span class='ocr_line' id='line_1_21' title="bbox 204 1889 1277 1936; baseline -0.001 -12"><span class='ocrx_word' id='word_1_133' title='bbox 204 1891 314 1924; x_wconf 85' lang='lat' dir='ltr'><strong>Arma</strong></span> <span class='ocrx_word' id='word_1_134' title='bbox 325 1917 333 1932; x_wconf 88' lang='lat'>‚</span> <span class='ocrx_word' id='word_1_135' title='bbox 349 1890 477 1932; x_wconf 84' lang='lat' dir='ltr'><strong>duces,</strong></span> <span class='ocrx_word' id='word_1_136' title='bbox 498 1889 695 1923; x_wconf 82' lang='lat' dir='ltr'><strong>monachos</strong></span> <span class='ocrx_word' id='word_1_137' title='bbox 709 1916 718 1931; x_wconf 89' lang='lat'>‚</span> <span class='ocrx_word' id='word_1_138' title='bbox 739 1889 767 1923; x_wconf 89' lang='lat' dir='ltr'><strong>si</strong></span> <span class='ocrx_word' id='word_1_139' title='bbox 784 1890 913 1936; x_wconf 83' lang='lat' dir='ltr'><strong>quaeris</strong></span> <span class='ocrx_word' id='word_1_140' title='bbox 925 1916 933 1931; x_wconf 93' lang='lat'>‚</span> <span class='ocrx_word' id='word_1_141' title='bbox 956 1889 1257 1936; x_wconf 80' lang='lat' dir='ltr'><strong>presbyterosque</strong></span> <span class='ocrx_word' id='word_1_142' title='bbox 1271 1919 1277 1930; x_wconf 84' lang='grc'><em>,</em></span> 
     </span>
     <span class='ocr_line' id='line_1_22' title="bbox 251 1947 1065 1996; baseline 0 -14"><span class='ocrx_word' id='word_1_143' title='bbox 251 1950 330 1983; x_wconf 85' lang='lat' dir='ltr'><strong>Haec</strong></span> <span class='ocrx_word' id='word_1_144' title='bbox 342 1949 410 1983; x_wconf 88' lang='lat' dir='ltr'><strong>tibi</strong></span> <span class='ocrx_word' id='word_1_145' title='bbox 428 1948 561 1985; x_wconf 86' lang='lat' dir='ltr'><strong>Vitalis</strong></span> <span class='ocrx_word' id='word_1_146' title='bbox 580 1960 661 1995; x_wconf 87' lang='lat' dir='ltr'><strong>pars</strong></span> <span class='ocrx_word' id='word_1_147' title='bbox 678 1960 719 1983; x_wconf 87' lang='lat' dir='ltr'><strong>ea</strong></span> <span class='ocrx_word' id='word_1_148' title='bbox 734 1955 863 1996; x_wconf 83' lang='lat' dir='ltr'><strong>quarta</strong></span> <span class='ocrx_word' id='word_1_149' title='bbox 882 1947 984 1983; x_wconf 77' lang='lat' dir='ltr'><strong>dabit</strong></span> <span class='ocrx_word' id='word_1_150' title='bbox 1003 1948 1065 1993; x_wconf 82' lang='lat'><strong>(2).</strong></span> 
     </span>
    </p>
   </div>
   <div class='ocr_carea' id='block_1_6' title="bbox 64 2103 1476 2630">
    <p class='ocr_par' dir='ltr' id='par_1_6' title="bbox 64 2103 1476 2329">
     <span class='ocr_line' id='line_1_23' title="bbox 68 2103 1472 2152; baseline -0.001 -11"><span class='ocrx_word' id='word_1_151' title='bbox 68 2105 119 2141; x_wconf 90' lang='lat' dir='ltr'><strong>les</strong></span> <span class='ocrx_word' id='word_1_152' title='bbox 137 2117 245 2141; x_wconf 84' lang='lat' dir='ltr'><strong>avons</strong></span> <span class='ocrx_word' id='word_1_153' title='bbox 261 2105 418 2152; x_wconf 85' lang='lat' dir='ltr'><strong>compris</strong></span> <span class='ocrx_word' id='word_1_154' title='bbox 431 2116 514 2139; x_wconf 86' lang='lat' dir='ltr'><strong>avec</strong></span> <span class='ocrx_word' id='word_1_155' title='bbox 530 2104 623 2139; x_wconf 89' lang='lat' dir='ltr'><strong>celui</strong></span> <span class='ocrx_word' id='word_1_156' title='bbox 642 2103 687 2139; x_wconf 90' lang='lat' dir='ltr'><strong>de</strong></span> <span class='ocrx_word' id='word_1_157' title='bbox 702 2104 735 2139; x_wconf 87' lang='lat' dir='ltr'><strong>la</strong></span> <span class='ocrx_word' id='word_1_158' title='bbox 749 2104 1003 2152; x_wconf 75' lang='lat' dir='ltr'><strong>bibliotheque</strong></span> <span class='ocrx_word' id='word_1_159' title='bbox 1021 2104 1222 2151; x_wconf 69' lang='lat' dir='ltr'><strong>d&#39;Aleneon</strong></span> <span class='ocrx_word' id='word_1_160' title='bbox 1238 2116 1321 2139; x_wconf 86' lang='lat' dir='ltr'><strong>sous</strong></span> <span class='ocrx_word' id='word_1_161' title='bbox 1336 2104 1370 2139; x_wconf 89' lang='lat' dir='ltr'><strong>le</strong></span> <span class='ocrx_word' id='word_1_162' title='bbox 1389 2118 1472 2139; x_wconf 82' lang='lat' dir='ltr'><strong>noni</strong></span> 
     </span>
     <span class='ocr_line' id='line_1_24' title="bbox 65 2154 1475 2210; baseline -0.001 -11"><span class='ocrx_word' id='word_1_163' title='bbox 65 2163 110 2199; x_wconf 89' lang='lat' dir='ltr'><strong>de</strong></span> <span class='ocrx_word' id='word_1_164' title='bbox 138 2163 339 2198; x_wconf 86' lang='lat' dir='ltr'><strong>manuscrit</strong></span> <span class='ocrx_word' id='word_1_165' title='bbox 363 2162 409 2198; x_wconf 92' lang='lat' dir='ltr'><strong>de</strong></span> <span class='ocrx_word' id='word_1_166' title='bbox 435 2154 727 2204; x_wconf 79' lang='lat' dir='ltr'><strong>Saint-Evroult‚</strong></span> <span class='ocrx_word' id='word_1_167' title='bbox 756 2169 793 2198; x_wconf 88' lang='lat' dir='ltr'><strong>et</strong></span> <span class='ocrx_word' id='word_1_168' title='bbox 819 2175 911 2198; x_wconf 88' lang='lat' dir='ltr'><strong>nous</strong></span> <span class='ocrx_word' id='word_1_169' title='bbox 934 2176 979 2198; x_wconf 85' lang='lat' dir='ltr'><strong>ne</strong></span> <span class='ocrx_word' id='word_1_170' title='bbox 1003 2162 1163 2198; x_wconf 87' lang='lat' dir='ltr'><strong>doutons</strong></span> <span class='ocrx_word' id='word_1_171' title='bbox 1186 2163 1292 2210; x_wconf 89' lang='lat' dir='ltr'><strong>point</strong></span> <span class='ocrx_word' id='word_1_172' title='bbox 1313 2163 1402 2210; x_wconf 80' lang='lat' dir='ltr'><strong>qu’il</strong></span> <span class='ocrx_word' id='word_1_173' title='bbox 1431 2176 1475 2197; x_wconf 88' lang='lat' dir='ltr'><strong>ne</strong></span> 
     </span>
     <span class='ocr_line' id='line_1_25' title="bbox 64 2222 1476 2270; baseline -0.001 -12"><span class='ocrx_word' id='word_1_174' title='bbox 64 2223 160 2259; x_wconf 84' lang='lat' dir='ltr'><strong>saille</strong></span> <span class='ocrx_word' id='word_1_175' title='bbox 178 2236 200 2270; x_wconf 87' lang='lat' dir='ltr'>y</span> <span class='ocrx_word' id='word_1_176' title='bbox 216 2223 294 2258; x_wconf 91' lang='lat' dir='ltr'><strong>voir</strong></span> <span class='ocrx_word' id='word_1_177' title='bbox 312 2222 346 2258; x_wconf 89' lang='lat' dir='ltr'><strong>le</strong></span> <span class='ocrx_word' id='word_1_178' title='bbox 365 2223 565 2257; x_wconf 87' lang='lat' dir='ltr'><strong>manuscrit</strong></span> <span class='ocrx_word' id='word_1_179' title='bbox 582 2222 743 2269; x_wconf 82' lang='lat' dir='ltr'><strong>primitis</strong></span> <span class='ocrx_word' id='word_1_180' title='bbox 753 2223 845 2258; x_wconf 78' lang='lat' dir='ltr'><strong>ecrit</strong></span> <span class='ocrx_word' id='word_1_181' title='bbox 857 2234 940 2257; x_wconf 89' lang='lat' dir='ltr'><strong>sous</strong></span> <span class='ocrx_word' id='word_1_182' title='bbox 956 2222 990 2257; x_wconf 89' lang='lat' dir='ltr'><strong>la</strong></span> <span class='ocrx_word' id='word_1_183' title='bbox 1006 2222 1141 2267; x_wconf 64' lang='lat' dir='ltr'><strong>dictee,</strong></span> <span class='ocrx_word' id='word_1_184' title='bbox 1161 2229 1216 2266; x_wconf 88' lang='lat' dir='ltr'><strong>et,</strong></span> <span class='ocrx_word' id='word_1_185' title='bbox 1236 2235 1282 2258; x_wconf 87' lang='lat' dir='ltr'><strong>en</strong></span> <span class='ocrx_word' id='word_1_186' title='bbox 1300 2223 1476 2270; x_wconf 83' lang='lat' dir='ltr'><strong>quelques</strong></span> 
     </span>
     <span class='ocr_line' id='line_1_26' title="bbox 65 2281 1011 2329; baseline -0.002 -12"><span class='ocrx_word' id='word_1_187' title='bbox 65 2282 246 2326; x_wconf 89' lang='lat' dir='ltr'><strong>endroits‚</strong></span> <span class='ocrx_word' id='word_1_188' title='bbox 267 2282 312 2317; x_wconf 90' lang='lat' dir='ltr'><strong>de</strong></span> <span class='ocrx_word' id='word_1_189' title='bbox 328 2282 362 2316; x_wconf 90' lang='lat' dir='ltr'><strong>la</strong></span> <span class='ocrx_word' id='word_1_190' title='bbox 380 2282 475 2317; x_wconf 84' lang='lat' dir='ltr'><strong>main</strong></span> <span class='ocrx_word' id='word_1_191' title='bbox 494 2281 612 2317; x_wconf 70' lang='lat' dir='ltr'><strong>meme</strong></span> <span class='ocrx_word' id='word_1_192' title='bbox 629 2281 679 2316; x_wconf 89' lang='lat' dir='ltr'><strong>du</strong></span> <span class='ocrx_word' id='word_1_193' title='bbox 697 2281 803 2329; x_wconf 88' lang='lat' dir='ltr'><strong>pieux</strong></span> <span class='ocrx_word' id='word_1_194' title='bbox 819 2281 1011 2316; x_wconf 81' lang='lat' dir='ltr'><strong>historien.</strong></span> 
     </span>
    </p>

    <p class='ocr_par' dir='ltr' id='par_1_7' title="bbox 65 2334 1475 2509">
     <span class='ocr_line' id='line_1_27' title="bbox 111 2334 1475 2387; baseline -0.001 -11"><span class='ocrx_word' id='word_1_195' title='bbox 111 2342 160 2387; x_wconf 87' lang='lat'><strong>(1)</strong></span> <span class='ocrx_word' id='word_1_196' title='bbox 182 2341 251 2377; x_wconf 91' lang='lat' dir='ltr'><strong>Ces</strong></span> <span class='ocrx_word' id='word_1_197' title='bbox 268 2353 347 2376; x_wconf 84' lang='lat' dir='ltr'><strong>vers</strong></span> <span class='ocrx_word' id='word_1_198' title='bbox 365 2354 400 2377; x_wconf 91' lang='lat' dir='ltr'><strong>se</strong></span> <span class='ocrx_word' id='word_1_199' title='bbox 414 2349 587 2377; x_wconf 90' lang='lat' dir='ltr'><strong>trouvent</strong></span> <span class='ocrx_word' id='word_1_200' title='bbox 605 2353 666 2376; x_wconf 84' lang='lat' dir='ltr'><strong>sur</strong></span> <span class='ocrx_word' id='word_1_201' title='bbox 683 2340 716 2376; x_wconf 90' lang='lat' dir='ltr'><strong>lc</strong></span> <span class='ocrx_word' id='word_1_202' title='bbox 734 2341 935 2376; x_wconf 84' lang='lat' dir='ltr'><strong>manuscrit</strong></span> <span class='ocrx_word' id='word_1_203' title='bbox 950 2340 994 2376; x_wconf 90' lang='lat' dir='ltr'><strong>de</strong></span> <span class='ocrx_word' id='word_1_204' title='bbox 1011 2334 1304 2384; x_wconf 82' lang='lat' dir='ltr'><strong>saint-Evroult‚</strong></span> <span class='ocrx_word' id='word_1_205' title='bbox 1326 2342 1416 2376; x_wconf 84' lang='lat' dir='ltr'><strong>mais</strong></span> <span class='ocrx_word' id='word_1_206' title='bbox 1433 2342 1475 2375; x_wconf 80' lang='lat' dir='ltr'><strong>ils</strong></span> 
     </span>
     <span class='ocr_line' id='line_1_28' title="bbox 65 2401 1475 2449; baseline -0.001 -13"><span class='ocrx_word' id='word_1_207' title='bbox 65 2414 86 2447; x_wconf 88' lang='lat' dir='ltr'>y</span> <span class='ocrx_word' id='word_1_208' title='bbox 109 2408 174 2437; x_wconf 87' lang='lat' dir='ltr'><strong>ont</strong></span> <span class='ocrx_word' id='word_1_209' title='bbox 192 2403 250 2437; x_wconf 77' lang='lat' dir='ltr'><strong>ete</strong></span> <span class='ocrx_word' id='word_1_210' title='bbox 274 2401 503 2437; x_wconf 88' lang='lat' dir='ltr'><strong>visiblement</strong></span> <span class='ocrx_word' id='word_1_211' title='bbox 529 2403 670 2448; x_wconf 76' lang='lat' dir='ltr'><strong>ajoutes</strong></span> <span class='ocrx_word' id='word_1_212' title='bbox 697 2403 801 2449; x_wconf 72' lang='lat' dir='ltr'><strong>apres</strong></span> <span class='ocrx_word' id='word_1_213' title='bbox 827 2413 939 2449; x_wconf 93' lang='lat' dir='ltr'><strong>coup,</strong></span> <span class='ocrx_word' id='word_1_214' title='bbox 965 2408 1002 2437; x_wconf 91' lang='lat' dir='ltr'><strong>et</strong></span> <span class='ocrx_word' id='word_1_215' title='bbox 1026 2401 1051 2436; x_wconf 92' lang='lat' dir='ltr'><strong>il</strong></span> <span class='ocrx_word' id='word_1_216' title='bbox 1076 2413 1168 2437; x_wconf 90' lang='lat' dir='ltr'><strong>nous</strong></span> <span class='ocrx_word' id='word_1_217' title='bbox 1195 2401 1310 2448; x_wconf 76' lang='lat' dir='ltr'><strong>parait</strong></span> <span class='ocrx_word' id='word_1_218' title='bbox 1329 2401 1475 2436; x_wconf 79' lang='lat' dir='ltr'><strong>evident</strong></span> 
     </span>
     <span class='ocr_line' id='line_1_29' title="bbox 67 2460 1093 2509; baseline 0.001 -15"><span class='ocrx_word' id='word_1_219' title='bbox 67 2460 172 2507; x_wconf 87' lang='lat' dir='ltr'><strong>qu&#39;ils</strong></span> <span class='ocrx_word' id='word_1_220' title='bbox 191 2473 236 2496; x_wconf 88' lang='lat' dir='ltr'><strong>ne</strong></span> <span class='ocrx_word' id='word_1_221' title='bbox 253 2461 401 2497; x_wconf 86' lang='lat' dir='ltr'><strong>doivent</strong></span> <span class='ocrx_word' id='word_1_222' title='bbox 419 2474 482 2509; x_wconf 88' lang='lat' dir='ltr'><strong>pas</strong></span> <span class='ocrx_word' id='word_1_223' title='bbox 500 2461 577 2497; x_wconf 71' lang='lat' dir='ltr'><strong>etre</strong></span> <span class='ocrx_word' id='word_1_224' title='bbox 597 2461 774 2496; x_wconf 80' lang='lat' dir='ltr'><strong>attribues</strong></span> <span class='ocrx_word' id='word_1_225' title='bbox 793 2464 812 2496; x_wconf 75' lang='grc' dir='ltr'><strong>ἐι</strong></span> <span class='ocrx_word' id='word_1_226' title='bbox 830 2469 935 2497; x_wconf 86' lang='lat' dir='ltr'><strong>notre</strong></span> <span class='ocrx_word' id='word_1_227' title='bbox 953 2469 1093 2496; x_wconf 82' lang='lat' dir='ltr'><strong>auteur.</strong></span> 
     </span>
    </p>

    <p class='ocr_par' dir='ltr' id='par_1_8' title="bbox 76 2521 1468 2630">
     <span class='ocr_line' id='line_1_30' title="bbox 111 2521 1468 2569; baseline 0.001 -15"><span class='ocrx_word' id='word_1_228' title='bbox 111 2521 162 2565; x_wconf 76' lang='lat'><strong>(2)</strong></span> <span class='ocrx_word' id='word_1_229' title='bbox 185 2522 217 2556; x_wconf 91' lang='lat' dir='ltr'>A</span> <span class='ocrx_word' id='word_1_230' title='bbox 240 2521 273 2556; x_wconf 85' lang='lat' dir='ltr'><strong>la</strong></span> <span class='ocrx_word' id='word_1_231' title='bbox 295 2522 394 2569; x_wconf 90' lang='lat' dir='ltr'><strong>place</strong></span> <span class='ocrx_word' id='word_1_232' title='bbox 417 2522 463 2557; x_wconf 89' lang='lat' dir='ltr'><strong>de</strong></span> <span class='ocrx_word' id='word_1_233' title='bbox 482 2534 540 2558; x_wconf 86' lang='lat' dir='ltr'><strong>ces</strong></span> <span class='ocrx_word' id='word_1_234' title='bbox 561 2534 657 2565; x_wconf 85' lang='lat' dir='ltr'><strong>vers,</strong></span> <span class='ocrx_word' id='word_1_235' title='bbox 680 2534 727 2557; x_wconf 89' lang='lat' dir='ltr'><strong>on</strong></span> <span class='ocrx_word' id='word_1_236' title='bbox 753 2530 878 2558; x_wconf 80' lang='lat' dir='ltr'><strong>trouve</strong></span> <span class='ocrx_word' id='word_1_237' title='bbox 899 2522 987 2557; x_wconf 82' lang='lat' dir='ltr'><strong>dans</strong></span> <span class='ocrx_word' id='word_1_238' title='bbox 1009 2521 1043 2557; x_wconf 89' lang='lat' dir='ltr'><strong>le</strong></span> <span class='ocrx_word' id='word_1_239' title='bbox 1060 2522 1260 2557; x_wconf 85' lang='lat' dir='ltr'><strong>manuscrit</strong></span> <span class='ocrx_word' id='word_1_240' title='bbox 1284 2521 1329 2556; x_wconf 86' lang='lat' dir='ltr'><strong>dc</strong></span> <span class='ocrx_word' id='word_1_241' title='bbox 1353 2521 1468 2557; x_wconf 73' lang='lat' dir='ltr'><strong>Saint-</strong></span> 
     </span>
     <span class='ocr_line' id='line_1_31' title="bbox 76 2570 1319 2630; baseline 0.002 -18"><span class='ocrx_word' id='word_1_242' title='bbox 76 2570 221 2616; x_wconf 68' lang='lat' dir='ltr'><strong>Evmult</strong></span> <span class='ocrx_word' id='word_1_243' title='bbox 240 2580 289 2616; x_wconf 90' lang='lat' dir='ltr'><strong>les</strong></span> <span class='ocrx_word' id='word_1_244' title='bbox 307 2589 399 2618; x_wconf 83' lang='lat' dir='ltr'><strong>niots</strong></span> <span class='ocrx_word' id='word_1_245' title='bbox 418 2583 595 2628; x_wconf 83' lang='lat' dir='ltr'><strong>suivants‚</strong></span> <span class='ocrx_word' id='word_1_246' title='bbox 617 2583 726 2618; x_wconf 70' lang='lat' dir='ltr'><strong>eci-its</strong></span> <span class='ocrx_word' id='word_1_247' title='bbox 743 2596 807 2630; x_wconf 83' lang='lat' dir='ltr'><strong>pai·</strong></span> <span class='ocrx_word' id='word_1_248' title='bbox 828 2595 899 2619; x_wconf 89' lang='lat' dir='ltr'><strong>une</strong></span> <span class='ocrx_word' id='word_1_249' title='bbox 918 2584 1014 2618; x_wconf 82' lang='lat' dir='ltr'><strong>main</strong></span> <span class='ocrx_word' id='word_1_250' title='bbox 1033 2583 1082 2618; x_wconf 89' lang='lat' dir='ltr'><strong>du</strong></span> <span class='ocrx_word' id='word_1_251' title='bbox 1102 2591 1176 2618; x_wconf 63' lang='grc' dir='ltr'><strong>ιιιιιε</strong></span> <span class='ocrx_word' id='word_1_252' title='bbox 1194 2582 1299 2618; x_wconf 72' lang='lat' dir='ltr'><strong>siecle</strong></span> <span class='ocrx_word' id='word_1_253' title='bbox 1316 2599 1319 2614; x_wconf 85' lang='lat'>:</span> 
     </span>
    </p>
   </div>
   <div class='ocr_carea' id='block_1_7' title="bbox 477 2669 1056 2715">
    <p class='ocr_par' dir='ltr' id='par_1_9' title="bbox 477 2669 1056 2715">
     <span class='ocr_line' id='line_1_32' title="bbox 477 2669 1056 2715; baseline 0 -12"><span class='ocrx_word' id='word_1_254' title='bbox 477 2669 643 2714; x_wconf 58' lang='lat' dir='ltr'><strong>Eoeplc&#39;cit</strong></span> <span class='ocrx_word' id='word_1_255' title='bbox 661 2675 794 2715; x_wconf 79' lang='lat' dir='ltr'><strong>quarta</strong></span> <span class='ocrx_word' id='word_1_256' title='bbox 813 2681 899 2713; x_wconf 78' lang='lat' dir='ltr'><strong>pars</strong></span> <span class='ocrx_word' id='word_1_257' title='bbox 925 2669 961 2704; x_wconf 93' lang='lat' dir='ltr'><em>V</em></span> <span class='ocrx_word' id='word_1_258' title='bbox 960 2670 1056 2704; x_wconf 75' lang='lat' dir='ltr'><strong>italis</strong></span> 
     </span>
    </p>
   </div>
  </div>
 </body>
</html>
