2033 3445
91 277 290 324 [AUTUMNO
312 274 434 324 1097]
610 272 764 311 LIBER
792 273 972 312 NONUS.
1010 239 1012 244 '
1415 279 1492 318 565

89 360 369 424 baptizavit,
392 359 550 423 ibique
569 360 750 406 cultum
764 359 1046 419 divinitatis,
1071 374 1352 428 cooperante
1368 366 1491 423 Deo,

92 437 296 483 instituit
321 437 531 500 primum
558 437 647 498 (1).
678 436 767 482 Hic
791 437 1018 483 nimirum
1044 439 1197 486 Graeci
1215 451 1261 486 et
1280 440 1494 488 Armenii

90 524 136 561 et
165 514 267 577 Syri
292 515 472 577 pariter
500 524 883 571 commorantur,
915 524 961 559 et
993 532 1016 559 a
1050 516 1313 578 primordio
1345 518 1496 565 Chris-

89 592 317 638 tianitatis
337 592 576 638 coelorum
598 590 698 653 regi
725 605 873 653 usque
903 589 1042 637 hodie
1066 592 1371 639 famulantur.
1399 595 1496 642 Ve-=

89 688 197 716 rum
211 707 224 728 ,
248 669 448 734 peccatis
469 666 767 732 exigentibus
781 703 794 725 ,
822 684 976 731 nuper
994 666 1254 732 disciplinae
1279 686 1371 716 suae
1398 670 1495 716 vir-⁴

90 765 197 811 gam
258 748 380 794 Deus
441 746 649 802 exeruit,
710 756 757 791 et
823 745 1073 809 gentilium
1137 745 1500 794 debacchatione

88 825 468 871 Christianorum
489 823 734 870 commissa
754 823 967 886 castigari
985 823 1215 886 permisit.
1235 823 1370 871 Unde
1384 841 1500 888 prae‘

86 904 175 948 sata
188 903 348 949 civitas
366 901 684 949 dominationi
703 901 991 956 Turcorum,
1008 900 1152 946 veluti
1168 900 1502 965 circumjacens

85 981 242 1044 reglo,
269 979 517 1044 subjacuit.
541 979 664 1024 Divo
682 988 838 1023 tamen
861 977 1007 1023 cultui
1028 977 1295 1023 voluntarie
1318 978 1500 1024 mancia

85 1057 338 1121 pabantur,
367 1074 454 1103 nec
479 1056 574 1102 ulla
604 1072 900 1120 paganorum
923 1053 1217 1102 districtione
1245 1055 1397 1118 legem
1416 1055 1500 1101 Dei

84 1135 298 1182 deserere
327 1134 636 1199 cogebantur.
668 1133 800 1179 Cives
827 1134 981 1197 itaque
1007 1131 1272 1196 hujusmodi
1297 1132 1501 1178 Franco-

86 1232 194 1260 rum
217 1213 430 1261 comitati
457 1210 929 1276 congratulabantur,
959 1221 1004 1256 et
1029 1211 1095 1256 illi
1115 1227 1139 1257 e
1159 1220 1324 1256 contra
1346 1220 1398 1254 ut
1414 1210 1502 1254 fra-

86 1301 179 1336 tres
201 1291 248 1336 in
275 1289 498 1336 omnibus
512 1286 826 1334 amicabiliter
843 1303 920 1334 eos
938 1285 1363 1350 amplectebantur.
1387 1286 1501 1330 Tur-

87 1367 221 1432 gidus
265 1367 410 1432 igitur
458 1367 705 1429 princeps,
752 1366 900 1412 livore
939 1362 1229 1428 perfidiaque
1276 1373 1496 1417 caecatus,

88 1443 365 1489 Christianis
388 1442 576 1488 insidias
594 1440 875 1505 praetendit,
902 1451 949 1487 et
972 1439 1171 1486 Stratori
1196 1456 1278 1485 suo
1300 1439 1346 1484 in
1366 1454 1501 1501 expe-

87 1520 318 1567 ditionem
342 1521 474 1566 eunti
511 1519 760 1583 imperavit
782 1529 858 1575 ut,
894 1517 1007 1563 dum
1029 1516 1266 1573 redirent,
1303 1515 1499 1561 Baldui-

87 1616 204 1644 num
248 1599 491 1663 sociosque
531 1615 665 1656 suos,
711 1596 824 1643 dum
871 1595 1095 1642 exarmati
1145 1604 1320 1650 essent,
1362 1593 1499 1638 inva-

85 1675 245 1733 deret,
287 1687 334 1723 et
367 1675 542 1740 absque
581 1673 904 1721 misericordia
943 1671 1244 1718 interficeret.
1290 1667 1498 1715 Perfidus

86 1752 185 1800 doli
209 1754 376 1799 artifex
397 1753 637 1799 scelerosae
660 1750 874 1797 factionis
897 1748 1022 1794 nefas
1045 1746 1335 1810 praestruxit.
1363 1744 1498 1804 Quod

86 1829 394 1887 Balduinum,
417 1829 525 1893 quia
549 1827 685 1873 valde
706 1844 729 1872 a
751 1825 912 1871 multis
931 1823 1192 1879 amabatur,
1220 1838 1318 1868 non
1338 1822 1492 1867 latuit.

85 1909 137 1953 In
169 1906 426 1953 remeando
458 1906 515 1952 de
545 1904 871 1968 expeditione,
902 1903 1068 1967 pagani
1104 1900 1416 1957 Christianos,
1445 1910 1497 1944 ut

88 2002 218 2030 arma
256 1983 553 2047 deponerent
583 1992 630 2027 et
653 1980 845 2027 liberius
870 1979 1018 2035 irent,
1048 1978 1175 2043 quasi
1197 1975 1399 2041 jocando
1422 1974 1498 2021 ad-

86 2072 399 2108 monuerunt.
427 2059 516 2106 Sed
539 2060 605 2105 illi
628 2058 792 2105 dolum
813 2067 1154 2121 praecaventes,
1176 2071 1275 2101 non
1301 2053 1496 2118 adquie—

86 2149 275 2186 verunt.
298 2137 537 2194 Tandem,
559 2135 672 2182 dum
695 2135 751 2181 ad
775 2134 941 2181 urbem
965 2133 1429 2197 appropinquarent,
1451 2141 1498 2176 et

85 2216 255 2262 Franci
277 2225 408 2262 caute
427 2215 473 2260 in
496 2214 640 2259 armis
664 2213 957 2278 equitarent,
984 2210 1094 2258 dato
1117 2211 1276 2274 signo,
1303 2208 1498 2272 gentiles

89 2295 138 2340 in
175 2311 252 2341 eos
289 2292 447 2339 subito
486 2299 966 2355 praeoccupaverunt,
1011 2299 1058 2335 et
1103 2287 1498 2334 machinationem

90 2371 315 2436 nequitiae
339 2388 432 2416 suae
448 2407 460 2427 ,
485 2367 697 2415 feriendo
731 2367 931 2424 sodales,
967 2366 1170 2429 turpiter
1200 2364 1496 2411 detexerunt.

92 2447 346 2494 Christiani
371 2457 551 2501 autem,
574 2445 728 2491 Deum
749 2444 1046 2500 invocantes,
1070 2442 1371 2496 restiterunt,
1391 2439 1501 2485 viri-

93 2525 202 2571 liter
227 2523 382 2571 hostes
407 2531 764 2587 percusserunt,
802 2521 849 2566 in
879 2521 1036 2583 sugam
1067 2518 1424 2582 compulerunt,
1456 2527 1502 2562 et

91 2602 320 2666 fugientes
337 2600 565 2666 quosdam
582 2598 857 2647 occiderunt
871 2634 884 2655 ‚
907 2597 1114 2661 aliosque
1129 2594 1338 2642 feriendo
1357 2610 1501 2658 usquc

143 2767 192 2812 (ι)
212 2767 334 2813 vop-cz
353 2766 547 2808 ςί-(Ιρςςυς,
575 2773 597 2798 t.
619 2766 647 2804 1.,
673 2778 705 2809 μ,
727 2763 805 2810 319r
