2033 3445
103 307 372 359 [1115-1116]
605 304 759 343 LIBER
787 303 996 343 SEXTUS.
1433 310 1506 346 133

100 392 410 458 Egeldridoe,
451 409 559 456 quce
593 391 780 456 collega
813 391 943 437 illius
975 392 1219 449 astiterat,
1260 395 1309 438 in
1344 394 1510 440 eadem

101 470 304 517 eeclesia
325 486 605 535 suspensas,
640 470 783 534 quasi
811 469 1084 516 memoriale
1109 469 1232 516 tanti
1265 470 1506 530 miraculi,

103 548 173 594 acl
183 549 356 613 populi
376 546 704 613 spectaculum
721 551 972 613 posuimus
981 569 1003 603 ;
1028 546 1187 613 ibique
1204 564 1298 594 non
1319 548 1514 595 modico

104 637 329 690 tempore,
358 635 408 670 ut
422 642 513 689 per
536 642 621 672 eas
650 626 917 683 resciretur,
943 624 1213 690 dependere
1236 625 1357 672 visce
1379 638 1508 673 sunt.

161 701 284 748 Hoec
326 701 608 749 venerabilis
648 704 803 767 patris
844 702 1093 749 Benedicti
1135 720 1283 768 opera
1328 713 1512 749 sancta·

98 779 330 827 Ecclesiae
333 779 462 840 filiis
480 779 726 842 notificare
744 780 1003 838 voluimus,
1031 798 1124 827 non
1144 784 1257 846 quia
1275 781 1396 828 satis
1417 798 1511 827 non

84 857 284 922 jecisset
301 859 515 923 majora,
537 858 628 905 sed
644 861 764 922 quia
783 862 876 905 ista
893 869 1006 906 sunt
1024 863 1246 916 noviora,
1273 870 1318 906 et
1341 863 1512 906 nostris

98 935 379 1001 temporibus
389 935 624 1000 infinibus
634 937 828 999 Atzglice
840 938 1073 984 inusitata
1083 937 1325 984 videntur.
1338 936 1443 984 Nec
1454 937 1514 983 de

99 1013 237 1060 beato
251 1023 394 1079 patre
408 1024 569 1061 nostro
594 1013 854 1061 Benedieto
880 1015 1004 1061 ullus
1026 1016 1237 1072 miretur,
1264 1016 1309 1061 si
1329 1031 1511 1075 magna

97 1101 142 1138 et
163 1092 306 1138 etiam
335 1092 691 1139 inaestimabilia
695 1090 894 1156 faeiat5
923 1095 1099 1157 quippe
1122 1095 1205 1154 qui
1226 1109 1367 1157 papa
1395 1092 1513 1137 Gre-

97 1173 229 1231 gorio
263 1179 402 1227 teste,
437 1170 487 1215 in
519 1169 664 1216 latice
690 1169 929 1233 producto
967 1169 1028 1215 de
1065 1186 1181 1234 rupe
1221 1169 1387 1232 Moysi
1425 1186 1511 1229 eo—

98 1257 342 1311 (equatur,
376 1249 427 1293 in
460 1250 581 1294 corvi
611 1246 884 1293 obedientia
914 1246 1077 1294 Helice
1111 1246 1429 1302 assimilatur,
1466 1250 1514 1291 in

81 1321 222 1386 ferro
249 1323 309 1370 de
330 1322 574 1388 profundo
602 1323 768 1389 abyssi
798 1334 1013 1370 revocato
1038 1323 1280 1369 Helisaeus
1312 1323 1509 1379 dicitur,

98 1402 147 1446 in
169 1399 409 1465 discipulo
427 1403 571 1466 jussu
597 1418 684 1448 suo
711 1418 856 1465 super
882 1417 1036 1465 aquas
1066 1399 1342 1446 ambulante
1366 1399 1511 1445 Petro

98 1478 410 1541 conjungitur
432 1478 522 1540 (1).
552 1478 667 1542 Ipse
695 1476 834 1524 etiam
860 1478 879 1540 (
891 1488 941 1523 ut
964 1488 1129 1523 notum
1153 1477 1247 1538 est)
1270 1475 1511 1542 propheta

93 1555 403 1619 praevidendo
406 1553 589 1619 futura
587 1553 721 1619 fuit,
743 1555 990 1622 apostolus
1001 1556 1254 1621 patrando
1272 1554 1513 1601 miracula

97 1633 277 1690 extitit,
306 1633 386 1680 vel
413 1645 463 1680 ut
488 1634 668 1681 brevius
691 1633 854 1681 dicam
877 1653 888 1679 .·
911 1635 1119 1680 omnium
1135 1636 1381 1699 justorum
1408 1637 1512 1697 spi-

96 1711 191 1756 ritu
206 1709 382 1776 plenus
387 1709 514 1775 fuit.
549 1711 679 1776 Quia
704 1729 811 1774 ergo
834 1715 935 1759 sine
957 1713 1182 1777 scrupulo
1211 1714 1427 1760 novimus
1451 1715 1512 1759 de

98 1788 199 1852 ipso
227 1789 359 1852 quod
395 1806 704 1855 quaecumque
738 1789 968 1847 voluerit,
1000 1791 1306 1854 consequitur
1337 1808 1369 1837 a
1402 1792 1511 1838 Do-

96 1867 250 1923 mino,
277 1866 541 1914 loetabundi
562 1884 844 1914 maneamus
865 1868 915 1913 in
930 1867 1063 1913 illius
1082 1871 1291 1925 servia‘o,
1312 1871 1509 1915 seientes

96 1960 179 1991 nos
197 1945 302 2008 ejus
318 1962 457 2009 prece
472 1962 568 1992 non
569 1943 812 2008 fraudari
828 1945 1044 1991 denario.
1063 1945 1122 1992 Si
1133 1955 1298 1992 autem
1311 1957 1510 1993 sanctus

95 2021 384 2069 Benedictus
415 2022 528 2069 huie
552 2023 797 2070 auxilium
821 2041 914 2069 non
940 2026 1153 2088 negavit,
1185 2025 1270 2089 qui
1297 2042 1346 2071 se
1369 2043 1509 2071 suum

80 2096 195 2163 sore
213 2101 499 2147 monachum
518 2100 720 2159 devovit,
742 2101 887 2164 quale
903 2101 1171 2149 subsidium
1192 2101 1264 2149 lzis
1282 2104 1372 2166 qui
1389 2103 1509 2149 ultro

143 2312 195 2356 (1)
220 2310 286 2346 Les
309 2318 438 2359 quatre
456 2312 622 2348 miracles
641 2312 686 2347 de
707 2313 801 2348 saint
819 2312 947 2348 Benoit
964 2312 1138 2361 auxquels
1156 2312 1183 2348 il
1200 2319 1254 2349 est
1271 2312 1337 2348 fait
1353 2313 1507 2350 allusion

96 2369 185 2406 dans
207 2380 266 2404 ces
287 2370 630 2417 rapprochements‚
644 2379 734 2407 -sont
759 2383 849 2406 ceux
866 2371 957 2407 dont
973 2383 1021 2407 on
1040 2379 1209 2407 trouvera
1232 2372 1265 2407 la
1283 2372 1508 2420 description

98 2441 166 2464 aux
195 2429 378 2476 chapitres
396 2440 431 2475 v,
453 2442 509 2475 vi,
531 2442 581 2465 vn
601 2438 638 2466 ct
663 2443 726 2465 vlu
759 2430 805 2466 de
829 2443 893 2466 son
919 2431 1081 2467 Histoire
1104 2444 1170 2479 par
1195 2431 1289 2467 saint
1310 2432 1505 2480 Gregoire.

99 2487 197 2523 Nous
217 2500 309 2524 nous
325 2496 584 2525 contenterons
600 2490 682 2525 d’en
700 2490 897 2526 transcrire
913 2489 963 2527 les
982 2490 1085 2526 titres
1099 2506 1105 2525 :

143 2564 262 2600 Ostur
278 2566 328 2603 V.
352 2566 409 2601 De
429 2579 543 2613 aqua,
563 2580 674 2614 qutun
693 2571 729 2603 in
749 2570 881 2603 montis
898 2570 1036 2603 vertice
1056 2581 1102 2603 ex
1119 2575 1226 2614 petra
1241 2568 1428 2613 produxit.

282 2625 349 2661 VI·
377 2626 566 2673 Deserro,
589 2640 635 2662 eoe
652 2627 840 2674 profundo
858 2640 965 2673 aqua?
982 2627 1032 2662 ad
1053 2628 1286 2662 manubrium
1304 2640 1458 2662 reverso.

286 2685 372 2721 VII.
401 2687 456 2721 De
478 2688 556 2733 ejus
574 2687 770 2733 discipulo,
794 2689 857 2733 qui
875 2700 984 2732 super
1002 2701 1119 2734 aquas
1137 2687 1349 2722 ambulavit.

284 2745 386 2779 Vlll.
416 2747 471 2780 De
498 2747 632 2793 inferlm
662 2761 727 2791 pet·
752 2760 933 2783 venenum
958 2761 1070 2792 pauc,
1101 2760 1166 2791 per
1191 2760 1335 2783 corvum
1362 2748 1504 2791 langius

327 2807 485 2850 projecto
