2085 3455
581 339 656 377 468
753 336 995 377 HISTORIA
1026 335 1429 374 ECCLESIASTICA.
1464 338 1734 385 {xv1110-xxv10
1754 351 1842 374 nov.
1864 340 1982 388 1095]

646 426 812 489 Igitur,
839 440 951 470 mox
976 433 1029 468 ut
1053 422 1273 469 Urbanus
1296 423 1417 485 Papa
1452 420 1715 485 hujusmodi
1746 423 1982 484 planctum

578 500 770 549 auribus
800 499 1179 546 Christianorum
1215 499 1493 563 eloquenter
1517 498 1703 554 retulit,
1739 498 1985 563 adjuvante

578 580 728 645 gratia
746 579 852 633 Dei,
872 576 1045 622 nimius
1065 592 1200 623 amor
1216 574 1551 640 peregrinandi
1570 575 1843 623 innumeros
1863 577 1982 623 inva-

577 659 662 713 sit,
692 668 738 704 et
759 654 935 720 praedia
963 672 1042 699 sua
1067 652 1299 709 vendere,
1328 665 1375 699 et
1404 669 1603 718 quaeque
1634 652 1870 700 habebant
1900 672 1986 717 pro

577 736 765 782 Christo
789 733 1060 796 relinquere
1086 731 1327 792 persuasit.
1355 729 1590 777 Divitibus
1624 732 1778 795 itaque
1802 742 1848 777 et
1882 749 1988 796 pau-

577 812 793 877 peribus,
820 809 933 856 viris
951 819 996 855 et
1015 807 1320 864 mulieribus,
1351 807 1592 854 monachis
1611 819 1658 854 et
1681 808 1885 865 clericis,
1913 827 1985 855 ur-

575 891 711 937 banis
735 899 781 935 et
812 886 1022 941 rusticis,
1066 885 1113 930 in
1144 885 1404 931 Jerusalem
1429 884 1597 941 eundi,
1624 895 1704 930 aut
1723 897 1884 931 euntes
1904 885 1987 932 ad—

572 965 765 1034 juvandi
819 965 972 1010 inerat
1027 962 1248 1008 voluntas
1302 961 1549 1007 mirabilis.
1594 962 1754 1008 Mariti
1799 962 1988 1009 dilectas

576 1047 796 1110 conjuges
819 1041 949 1088 domi
982 1040 1253 1104 relinquere
1276 1039 1608 1102 disponebant.
1637 1040 1735 1085 Illae
1764 1056 1878 1086 vero
1905 1057 1988 1104 ge-

576 1133 780 1178 menteS,
807 1119 970 1166 relicta
988 1119 1124 1181 prole
1147 1134 1253 1163 cum
1276 1115 1496 1163 omnibus
1518 1115 1693 1163 divitiis
1712 1118 1828 1173 suis,
1853 1118 1900 1163 in
1918 1135 1989 1181 pe-

576 1198 900 1266 regrinatione
923 1195 1051 1241 viros
1074 1211 1180 1240 suos
1203 1194 1332 1258 sequi
1356 1192 1491 1240 valde
1514 1193 1781 1257 cupiebant.
1809 1194 1988 1241 Praedia

575 1295 708 1335 vero,
736 1275 960 1321 hactenus
979 1288 1103 1326 cara,
1133 1270 1213 1316 vili
1239 1270 1394 1333 pretio
1417 1288 1544 1316 nunc
1566 1269 1911 1327 vendebantur,
1944 1283 1991 1317 et

575 1374 705 1405 arma
728 1351 1026 1405 emebantur,
1050 1348 1219 1413 quibus
1242 1348 1362 1394 ultio
1384 1347 1543 1394 divina
1567 1365 1706 1412 super
1726 1347 1992 1412 Allophilos

574 1441 891 1483 exerceretur.
924 1428 1069 1473 Fures
1106 1436 1153 1471 et
1184 1426 1371 1488 piratae,
1409 1425 1581 1489 aliique
1614 1425 1830 1471 scelerosi
1867 1437 1989 1473 tactu

575 1514 778 1579 Spiritus
795 1508 880 1554 Dei
900 1506 957 1553 de
976 1503 1213 1569 profundo
1229 1503 1490 1568 iniquitatis
1508 1503 1818 1567 exurgebant,
1839 1516 1992 1550 reatus

576 1609 681 1639 suos
704 1587 983 1637 confitentes
1016 1579 1375 1644 relinquebant,
1403 1591 1450 1625 et
1479 1597 1567 1642 pro
1592 1580 1738 1643 culpis
1765 1581 1857 1626 suis
1892 1582 1991 1628 Deo

578 1666 932 1718 satisfacienteS,
957 1675 1156 1723 peregre
1176 1656 1456 1721 pergebant.
1485 1656 1714 1703 Providus
1736 1674 1851 1704 vero
1870 1659 1990 1721 Papa

576 1761 769 1799 omnes,
797 1740 877 1805 qui
915 1752 1124 1800 congrue
1149 1752 1278 1780 arma
1303 1735 1426 1780 serre
1450 1745 1695 1797 poterant,
1723 1735 1779 1780 ad
1812 1735 1989 1781 bellum

577 1832 744 1870 contra
770 1816 985 1863 inimicos
1002 1812 1086 1857 Dei
1112 1810 1310 1865 excivit,
1338 1821 1385 1856 et
1409 1810 1700 1872 poenitentes
1719 1821 1912 1858 cunctos
1937 1828 1992 1857 ex

580 1901 658 1946 illa
683 1898 797 1944 hora
815 1931 826 1950 ,
858 1909 949 1957 qua
974 1905 1163 1936 crucem
1188 1888 1379 1934 Domini
1407 1898 1672 1944 sumerent,
1701 1905 1756 1933 ex
1781 1889 1992 1934 auctori—

579 1989 671 2024 tate
689 1974 773 2021 Dei
795 1971 854 2018 ab
878 1967 1099 2017 omnibus
1130 1965 1330 2028 peccatis
1355 1965 1446 2010 suis
1467 1963 1691 2022 absolvit,
1715 1975 1761 2011 et
1783 1965 1841 2011 ab
1862 1968 1991 2012 omni

578 2052 858 2120 gravedine,
881 2065 987 2112 quae
1009 2045 1061 2091 fit
1083 2046 1129 2090 in
1146 2043 1359 2108 jejuniiS,
1383 2043 1576 2106 aliisque
1600 2043 1994 2090 macerationibus

579 2132 756 2187 carnis,
780 2128 855 2192 pie
879 2124 1123 2171 relaxavit.
1152 2121 1479 2168 Consideravit
1497 2121 1623 2166 enim
1640 2121 1990 2183 perspicaciter,

579 2223 632 2258 ut
649 2207 855 2274 prudens
880 2215 926 2250 et
951 2201 1183 2264 benignus
1202 2198 1452 2250 archiater,
1481 2197 1609 2262 quod
1629 2197 1674 2243 hi
1696 2199 1776 2262 qui
1796 2215 1993 2262 peregre

581 2287 1013 2353 proficiscerentur,
1028 2281 1075 2325 in
1088 2279 1159 2324 via
1170 2277 1332 2322 multis
1343 2276 1631 2340 diutinisque
1641 2275 1992 2322 discriminibus

580 2364 831 2429 saepissime
855 2368 1158 2412 vexarentur,
1185 2366 1230 2401 et
1254 2353 1548 2400 multimodis
1570 2353 1750 2400 casibus
1774 2354 1892 2399 laetis
1916 2372 1992 2400 seu

583 2441 795 2489 tristibus
814 2435 1025 2502 quotidie
1039 2443 1345 2497 angerentur,
1366 2449 1455 2495 pro
1475 2431 1645 2495 quibus
1664 2431 1872 2477 benivoli
1895 2449 1994 2477 vcr-

582 2522 706 2569 nulae
731 2516 904 2564 Christi
928 2533 949 2560 a
967 2513 1147 2560 cunetis
1168 2513 1413 2574 culparum
1433 2510 1649 2556 sordibus
1667 2510 1989 2573 expiarentur.

646 2601 701 2645 In
721 2595 924 2643 concilio
940 2593 1062 2654 Papa
1080 2589 1329 2654 magnifice
1341 2587 1645 2651 praedicante,
1666 2598 1710 2633 et
1726 2587 1845 2633 filios
1864 2588 1996 2633 Jeru-

581 2677 723 2722 salem
740 2672 797 2718 ad
817 2670 1113 2733 ereptionem
1131 2677 1301 2712 sanctae
1326 2666 1489 2711 matris
1505 2681 1597 2710 suae
1620 2664 1819 2709 viriliter
1833 2663 1996 2710 exhor-

581 2816 662 2863 (μιῖι
695 2813 725 2846 la
754 2818 845 2845 suile
876 2809 920 2842 dc
950 2808 1125 2840 l'liistoiri»
1157 2806 1199 2839 (lc
1231 2818 1268 2839 ce
1297 2805 1393 2848 Papi·
1423 2816 1485 2848 par
1517 2802 1599 2835 dnm
1633 2801 1782 2835 liminari
1812 2801 1994 2843 [Ulfluvrrs

581 2874 794 2917 posthum&
814 2870 857 2903 «lc
882 2867 1088 2902 nubilium
