2085 3455
597 307 675 343 312
957 300 1196 338 HlSTORtA
1227 300 1624 338 ECCLESIASTICA.
1857 303 1990 350 [1089]

597 409 709 456 quas
732 389 947 436 liberales
981 387 1123 451 Angli
1150 388 1276 450 jussu
1310 386 1517 432 Eduardi
1542 387 1662 451 regis
1695 387 1885 450 largiter
1908 387 1994 433 dis-

598 468 887 521 tribuerant,
933 464 1195 520 imminuit,
1233 475 1279 509 et
1316 464 1494 527 regales
1531 462 1662 509 fiscos
1700 464 1995 510 accumulans

599 546 777 593 colonis
820 559 929 588 arva
962 542 1268 587 retruncavit.
1307 542 1446 586 Ruris
1492 542 1647 604 itaque
1681 541 1796 586 olim
1826 540 1996 586 diutius

597 623 721 668 nacti
747 620 1085 674 diminutione,
1113 629 1159 663 et
1179 618 1353 663 insoliti
1382 616 1617 680 vectigalis
1647 617 1777 680 gravi
1797 633 1996 680 exagge—

598 701 804 754 ratione,
841 696 1071 760 supplices
1106 697 1247 758 regiae
1285 694 1496 740 fidelitati
1533 693 1691 757 plebes
1731 694 1997 740 indecenter

598 775 854 838 oppressit,
872 772 1036 818 ablatis
1055 770 1195 817 rebus
1216 771 1498 825 attenuavit,
1520 780 1565 815 et
1589 771 1636 816 in
1657 771 1852 816 nimiam
1872 786 1999 834 eges-

601 863 743 898 tatem
765 850 820 896 de
847 849 1022 913 ingenti
1047 848 1179 910 copia
1198 846 1395 910 redegit.

662 929 808 992 Hujus
841 926 1037 972 consilio
1069 925 1252 988 juvenis
1284 941 1393 981 rex,
1427 924 1738 972 morientibus
1770 924 1996 987 praelatis,

599 1006 810 1053 ecclesias
828 1022 934 1050 cum
958 1001 1322 1065 possessionibus
1347 1002 1463 1048 olim
1487 1002 1574 1048 sibi
1595 1001 1711 1048 datis
1736 1004 1929 1058 invasit,
1957 1014 2003 1049 et

599 1083 763 1128 tamin
787 1081 985 1127 abbatiis
1011 1079 1298 1136 coenobitas,
1322 1097 1461 1143 quam
1491 1081 1537 1126 in
1562 1081 1806 1144 episcopiis
1829 1082 2003 1144 episco-

598 1160 724 1223 pales
746 1158 944 1204 decanos
965 1168 1011 1203 et
1039 1157 1289 1203 canonicos
1319 1156 1513 1203 cuilibet
1532 1158 1784 1203 satellitum
1812 1175 2004 1204 suorum

599 1236 799 1299 subegit.
820 1236 1014 1281 Parcam
1029 1245 1186 1280 autem
1200 1232 1256 1279 ad
1274 1233 1451 1279 victum
1469 1251 1605 1280 suum
1621 1234 2005 1281 distributionem

599 1331 760 1360 rerum
786 1313 849 1358 eis
873 1310 1140 1376 delegabat,
1174 1322 1220 1357 et
1251 1311 1457 1375 reliquos
1488 1311 1695 1358 redditus
1719 1331 1811 1359 suae
1833 1312 2004 1360 ditioni

599 1390 917 1454 mancipabat.
944 1390 1018 1435 Sic
1051 1389 1240 1434 avaritia
1275 1389 1396 1452 regis
1422 1389 1468 1434 in
1505 1389 1713 1436 Ecclesia
1749 1391 1831 1436 Dei
1867 1391 2007 1437 nimis

601 1468 795 1523 exarsit,
826 1477 872 1512 et
890 1466 1091 1512 nefarius
1109 1482 1234 1521 mos,
1259 1476 1372 1511 tunc
1393 1465 1629 1529 incoeptus
1644 1502 1656 1524 ,
1681 1483 1825 1531 usque
1847 1468 1892 1514 in
1918 1467 2006 1515 ho·-

600 1544 818 1590 diernum
839 1544 961 1588 diem
986 1559 1310 1605 perseveranS,
1331 1542 1491 1588 multis
1510 1544 1754 1589 animabus
1774 1546 1916 1591 exitio
1935 1544 2003 1591 fit.

602 1623 698 1667 Hac
717 1621 844 1666 enim
867 1619 924 1665 de
947 1638 1077 1666 causa
1100 1619 1294 1682 cupidus
1311 1636 1392 1664 rex
1410 1631 1619 1682 pastores
1637 1623 1840 1668 ecclesiis
1862 1623 2009 1686 impo-

603 1715 716 1745 nere
748 1696 1021 1755 differebat,
1045 1708 1093 1742 et
1132 1696 1333 1759 populus
1366 1707 1575 1754 rectore,
1605 1709 1650 1743 ct
1683 1716 1797 1762 grex
1821 1710 2009 1762 pastore

603 1792 765 1823 carens
811 1775 985 1838 lupinis
1028 1773 1246 1820 dentibus
1287 1773 1499 1837 patebat,
1539 1786 1584 1820 et
1620 1776 2009 1823 multimodarum

601 1854 815 1901 toxicatis
834 1851 1085 1898 missilibus
1105 1852 1348 1915 culparum
1369 1852 1594 1898 sauciatus
1616 1853 1855 1900 interibat.
1878 1854 2010 1900 Prin-

602 1949 708 1995 ceps
723 1932 895 1995 itaque,
911 1930 1056 1976 nimia
1074 1928 1327 1992 cupiditate
1346 1928 1564 1993 flagrans,
1581 1948 1664 1977 suo
1682 1932 1823 1978 infert
1840 1933 2009 1978 aerario

601 2009 752 2072 largas
785 2024 919 2070 opes,
956 2024 1068 2070 quas
1107 2006 1329 2051 Ecclesiae
1364 2006 1448 2051 Dei
1487 2017 1728 2069 gratanter
1762 2019 1808 2054 et
1844 2007 2010 2056 devote

601 2085 834 2131 dederunt
856 2085 1036 2147 antiqui
1059 2083 1326 2146 Anglorum
1354 2100 1486 2147 reges
1507 2104 1516 2129 ;
1539 2083 1814 2131 Edilbertus
1837 2087 2011 2133 scilicet

602 2181 654 2209 ac
672 2162 884 2208 Eduinus
898 2197 910 2217 ,
937 2161 1036 2206 Offa
1066 2177 1253 2225 quoque
1273 2179 1325 2206 ac
1347 2160 1585 2216 Athulsus,
1606 2162 1822 2208 Elfredus
1845 2175 1890 2209 et
1909 2163 2010 2209 Ed-

602 2257 765 2305 garus,
815 2239 986 2303 aliique
1027 2239 1263 2301 principes
1301 2256 1405 2284 cum
1443 2239 1533 2284 suis
1571 2239 1893 2301 optimatibus.
1936 2241 2009 2286 Illi

600 2318 848 2373 nimirum,
867 2315 923 2362 ad
940 2315 1076 2361 fidem
1097 2316 1283 2362 noviter
1297 2316 1528 2372 conversi,
1543 2316 1693 2362 Deum
1712 2316 1914 2364 fideliter
1934 2335 2009 2364 co-

600 2396 818 2450 luerunt,
848 2403 893 2439 et
924 2392 981 2439 de
1015 2395 1104 2438 suis
1141 2392 1441 2439 abundantiis
1475 2393 1718 2440 monachis
1748 2406 1794 2441 et
1830 2396 2009 2442 clericis

600 2472 844 2518 affluenter
861 2471 1014 2534 largiti
1039 2482 1170 2527 sun13
1195 2482 1245 2516 ut
1269 2471 1488 2534 speciales
1507 2471 1710 2517 ministri
1736 2489 1877 2519 sacrae
1897 2474 2009 2537 legis

601 2548 790 2611 copioso
818 2548 942 2592 victu
967 2548 1083 2610 pasti
1109 2546 1390 2611 gauderent,
1416 2548 1593 2611 Deique
1625 2549 1803 2594 cultum
1835 2549 2008 2614 absque

600 2625 693 2671 nlla
721 2625 1011 2671 recusatione
1042 2636 1180 2670 nocte
1203 2624 1370 2689 dieque
1394 2625 1612 2671 alacriter
1629 2638 1935 2689 peragerent,
1964 2638 2009 2672 et

600 2703 646 2747 in
675 2702 786 2747 locis
813 2701 1076 2747 constitutis
1097 2701 1302 2747 celebres
1330 2700 1546 2747 excubias
1566 2702 1663 2746 Deo
1691 2702 2007 2748 indesinenter

599 2778 892 2825 exhiberent.
933 2778 1046 2822 lltm·
1079 2779 1314 2839 peregrini
1344 2789 1383 2823 ct
1420 2778 1620 2823 viatores
1662 2779 1808 2824 securi
1849 2779 2005 2825 venie-
