2085 3455
615 349 691 387 452
982 346 1221 385 HISTORIA
1254 345 1659 384 ECCLESIASTICA.

611 435 838 500 prodigiis
874 435 1077 498 gloriose
1113 435 1235 480 inter
1260 434 1520 497 terrigenas
1550 432 1748 488 effulsit,
1778 443 1823 478 et
1847 433 2019 496 Spiritu

611 513 783 559 Sancto
807 510 1023 568 edoctUS‚
1046 510 1362 557 monachilem
1382 510 1595 574 regulam
1616 507 1787 565 edidit,
1815 510 2021 571 primus-

611 606 702 654 que
722 589 866 635 Gallis
892 587 1097 634 tradidit.
1123 588 1467 634 Florentissimi
1489 586 1546 632 de
1565 585 1723 632 schola
1744 587 1838 650 ejus
1863 604 2023 634 mona-

609 667 683 715 chi
702 666 1000 730 prodierunt,
1019 677 1066 712 et
1083 667 1128 712 in
1143 664 1339 720 mundo,
1357 666 1485 711 velut
1499 675 1621 710 astra
1636 664 1682 709 in
1699 664 2018 721 firmamento,

610 743 861 789 virtutibus
904 743 1188 788 micuerunt.
1237 742 1474 787 Eustasius
1525 741 1654 786 enim
1696 741 2021 797 Luxoviensis‚

611 821 776 884 Agilus
801 819 1129 875 Resbacensis,
1158 820 1279 864 Faro
1303 817 1578 873 Pvleldensis⁹
1614 816 1914 863 Audomarus
1937 819 2023 865 Bo·

610 898 851 944 noniensis
867 933 878 952 ‚
901 896 1187 958 Philipertus
1206 895 1590 941 Gemmeticensis
1613 896 1681 957 (ι)
1695 931 1707 950 ,
1731 895 1904 958 aliique
1922 895 2023 957 plu·

612 993 683 1021 res
723 974 927 1037 episcopi
969 984 1015 1018 et
1055 972 1245 1018 abbates
1303 972 1706 1018 excellentissime
1760 988 2024 1034 processere

610 1051 874 1114 religioni5‚
897 1067 1104 1115 quorum
1123 1050 1342 1095 sanctitas
1362 1047 1658 1094 evidentibus
1672 1049 1914 1095 miraculis
1933 1066 2025 1095 coe-

610 1130 718 1175 litus
735 1139 918 1175 ostensa
936 1139 1021 1185 est,
1041 1128 1345 1191 ipsorum-que
1356 1126 1511 1172 studio
1528 1126 1574 1171 in
1591 1125 1697 1171 filiis
1708 1126 1914 1172 Ecclesia
1928 1126 2027 1171 insi-

607 1207 767 1271 gniter
787 1216 1045 1270 propagata
1063 1215 1146 1251 est.
1168 1205 1276 1268 Ipsi,
1296 1220 1423 1260 reor,
1444 1202 1636 1249 beatum
1655 1203 1893 1259 Maurum,
1915 1203 2026 1266 ejus-

607 1300 699 1349 que
718 1284 868 1331 socios
887 1294 934 1329 et
959 1282 1229 1345 discipulos,
1257 1291 1514 1336 noverunt,
1538 1289 1703 1342 utpote
1723 1280 1885 1335 vicini,
1909 1290 1954 1325 et
1971 1279 2027 1325 ab

609 1363 718 1425 ipsis
733 1362 851 1408 sicut
864 1360 924 1407 ab
938 1361 1039 1406 aliis
1053 1361 1244 1422 scripta,
1262 1358 1519 1405 doctorum
1538 1356 1861 1403 aedificationis
1878 1374 2024 1413 causa,

610 1440 756 1486 sancti
789 1456 1008 1486 normam
1040 1453 1284 1501 suscepere
1309 1435 1550 1482 Benedicti
1582 1436 1652 1498 (2)
1668 1454 1680 1492 ;
1708 1435 1769 1480 ita
1795 1445 1952 1481 tamen
1979 1445 2029 1480 ut

609 1535 707 1564 non
730 1516 1047 1563 abhorrerent
1081 1516 1148 1561 sui
1184 1525 1353 1560 statuta
1390 1513 1631 1577 magistri,
1663 1512 1774 1557 almi
1816 1511 2031 1558 videlicet

609 1594 910 1642 Columbani.
936 1593 1012 1639 Ab
1028 1594 1128 1656 ipso
1144 1591 1374 1656 siquidem
1391 1590 1587 1637 modum
1601 1589 1775 1636 divinae
1794 1589 2029 1636 servitutis

609 1684 655 1718 et
697 1671 917 1719 ordinem
958 1670 1256 1724 didicerunt,
1301 1679 1347 1714 et
1386 1668 1589 1713 formam
1628 1668 1901 1714 orationum
1943 1684 2029 1730 pro

609 1749 790 1795 cunctis
818 1747 1090 1802 ordinibus,
1121 1747 1202 1811 qui
1230 1747 1276 1792 iu
1302 1746 1509 1792 Ecclesia
1533 1746 1618 1792 Dei
1643 1756 1778 1801 sunt3
1815 1744 2030 1809 nigredi-

610 1843 721 1873 nem
773 1826 1001 1881 vestium,
1047 1825 1254 1888 aliasque
1303 1822 1656 1870 observationes
1702 1832 2027 1884 sumpserunt,

610 1919 724 1966 quas
755 1918 845 1965 pro
878 1901 1111 1965 religione
1137 1910 1184 1946 et
1216 1898 1460 1946 honestate
1500 1899 1642 1962 ipsius
1683 1909 1961 1956 tenuerunt,
1988 1908 2032 1944 et

611 1995 829 2044 sequaces
847 1995 1014 2025 eorum
1040 1994 1187 2043 usque
1214 1978 1260 2022 in
1286 1975 1571 2023 hodiernum
1605 1975 1731 2023 diem
1759 1986 2030 2022 reverenter

612 2056 868 2104 observare
891 2065 1140 2119 appetunt.

663 2202 714 2246 (1)
735 2200 838 2236 Saint
857 2200 1023 2242 Eustase,
1046 2199 1138 2234 abbe
1158 2199 1203 2234 de
1223 2200 1372 2234 Luxeuil
1392 2199 1548 2246 (610-29
1566 2211 1662 2233 mars
1677 2198 1780 2244 625).

662 2260 766 2296 Saint
783 2258 907 2306 Agile‚
927 2258 1018 2293 abbe
1037 2258 1081 2293 de
1099 2259 1233 2294 Rehais
1252 2271 1295 2293 en
1317 2259 1402 2293 Brie
1425 2257 1581 2304 (656-30
1599 2258 1686 2293 aout
1704 2258 1809 2303 650).

660 2320 767 2355 Saint
786 2320 905 2354 Faron
919 2345 928 2360 ‚
945 2319 1081 2366 eveque
1098 2319 1144 2354 de
1161 2320 1289 2354 Meaux
1309 2318 1463 2364 (626-28
1482 2318 1630 2353 octobre
1650 2318 1718 2366 672
1731 2320 1756 2363 ).

660 2379 766 2415 Saint
787 2378 915 2420 Omer,
937 2379 1072 2426 eveque
1087 2379 1132 2414 de
1146 2380 1366 2413 Terouanne
1378 2407 1386 2421 ‚
1405 2379 1601 2413 fondateur
1618 2378 1663 2413 de
1680 2378 1840 2423 l’abbaye
1857 2376 1902 2411 de
1919 2376 2032 2411 Saint-

615 2438 758 2481 nertin,
777 2439 797 2471 ὲ
814 2436 1067 2481 Saint-Omer‚
1088 2450 1168 2472 vers
1186 2437 1275 2480 660,
1296 2445 1394 2472 mort
1417 2437 1449 2472 le
1469 2450 1492 2485 9
1511 2437 1718 2484 septembre
1736 2436 1818 2485 667.
1840 2436 1954 2471 Notre
1970 2447 2030 2470 au-

614 2503 697 2531 teur
720 2495 772 2530 lui
798 2495 919 2530 donne
937 2496 984 2529 ici
1010 2495 1042 2529 la
1068 2496 1319 2543 qualification
1338 2496 1511 2543 d'eveque
1533 2495 1578 2530 de
1600 2496 1806 2542 Bmssogne,
1834 2505 1940 2541 parce
1962 2505 2030 2541 que

614 2562 709 2591 cette
726 2555 808 2589 ville
826 2554 944 2590 faisait
962 2556 1079 2602 partie
1099 2556 1149 2590 du
1168 2556 1312 2590 diocese
1332 2555 1377 2590 de
1401 2556 1638 2597 Terouanne‚
1661 2562 1698 2590 et
1719 2567 1790 2602 que
1809 2560 1960 2589 souvent
1978 2552 2027 2587 les

614 2614 767 2662 eveques
784 2627 807 2660 y
822 2614 990 2649 faisaient
1007 2614 1087 2649 leur
1105 2614 1293 2650 residence
1309 2622 1346 2650 et
1361 2627 1406 2648 en
1423 2615 1614 2660 prenaient
1630 2614 1663 2649 le
1685 2626 1782 2649 nom.

660 2673 764 2709 Saint
780 2671 954 2716 Filibert,
975 2685 1040 2716 ou,
1061 2686 1204 2708 comme
1224 2686 1271 2708 on
1288 2673 1380 2708 ecrit
1397 2674 1712 2716 communement‚
1734 2671 1934 2710 Philibert,
1952 2670 2027 2705 fon-

614 2731 744 2767 dateur
760 2730 805 2765 de
824 2731 1012 2778 Jumieges
1032 2744 1077 2766 en
1096 2731 1183 2775 655,
1204 2738 1302 2766 mort
1319 2731 1351 2766 le
1372 2743 1415 2765 20
1434 2731 1519 2765 aofit
1540 2743 1618 2765 vers
1638 2730 1722 2773 684.
1745 2730 1796 2765 Ce
1816 2741 1862 2764 ne
1882 2728 1939 2763 fut
1957 2739 2025 2774 que

614 2789 906 2836 passagerement
922 2788 1012 2836 qu’il
1029 2789 1198 2835 sejourna
1214 2791 1233 2823 ὲ
1250 2789 1399 2823 Luxeuil
1415 2795 1451 2823 et
1468 2790 1487 2822 ἐι
1505 2788 1656 2823 Bobbio.
1677 2787 1707 2821 Il
1728 2787 1857 2821 n'avait
1876 2797 1936 2833 pas
1952 2784 2024 2832 pris

615 2846 744 2882 l‘habit
762 2846 824 2882 des
844 2847 959 2881 mains
977 2846 1023 2881 de
1041 2847 1135 2881 saint
1155 2846 1376 2890 Columban‚
1401 2847 1489 2881 mais
1507 2846 1552 2881 de
1570 2847 1663 2881 saint
1680 2844 1805 2891 Agile‚
1824 2846 1843 2878 ἐι
1864 2842 2004 2878 Rebais.

662 2907 713 2951 (2)
730 2906 759 2941 Il
779 2918 934 2954 marique
952 2919 1002 2940 un
1023 2912 1098 2941 mot
1117 2918 1211 2952 poni·
1231 2919 1302 2953 que
1320 2913 1414 2941 cette
1433 2906 1561 2952 phrase
1581 2906 1651 2939 soit
1670 2904 1861 2949 complete.
