2033 3445
61 292 201 345 [1035]
545 292 699 331 LIBER
728 290 974 329 OCTAVUS.
1387 292 1465 330 427

0 382 3 423 ζ
60 378 268 440 ClaraQ1)
283 377 534 436 occiderat,
552 378 808 425 tumulatus
823 377 1039 440 quiescit,
1060 377 1218 440 etipse
1238 377 1469 441 Rogerius

0 461 2 524 1
55 457 150 521 jam
164 470 319 511 senex,
348 456 494 502 frater
510 457 623 520 ejus,
653 465 760 519 post
779 455 962 518 aliquot
979 470 1126 523 annos
1149 456 1470 501 conversionis

0 538 2 567 ὲ
59 548 150 578 suae
163 531 232 594 (2)
249 529 378 577 bono
397 529 490 577 fine
508 531 704 595 quievit.
725 531 869 577 Filios
883 546 998 576 vero
1017 546 1122 576 suos
1141 550 1151 575 ε
1173 528 1469 576 Rodbertum

0 639 1 656 ;
59 618 106 656 et
122 608 402 665 Henricum,
430 607 628 655 honoris
653 609 719 654 sui
747 617 956 655 censatos
976 606 1170 653 heredes
1190 606 1468 672 dereliquit,

59 701 174 751 quos
189 686 236 731 in
253 685 342 732 hoc
361 686 533 733 saeculo
549 686 699 750 gratia
711 685 797 732 Dei
813 686 1021 731 multum
1034 684 1323 730 sublimavit.
1344 683 1474 729 Ami-

61 762 163 809 citia
180 760 412 826 siquidem
429 773 476 808 et
493 762 810 808 familiaritate
829 778 995 826 regum
1010 797 1023 818 ‚
1047 761 1368 824 comitumque
1390 777 1474 824 po-

60 839 257 885 tentium
281 839 500 886 illustrati
531 850 657 886 sunt.
683 840 932 887 Generosis
953 850 1000 885 et
1017 838 1228 885 facundis
1251 839 1473 903 conjugi—-

59 915 143 962 bus
164 926 211 963 et
229 916 401 980 insigni
418 918 553 981 prole
572 917 818 982 utriusque
837 934 970 963 sexus
984 954 996 974 ,
1020 916 1276 980 multisque
1294 915 1470 961 divitiis

60 1011 164 1041 cum
178 993 440 1041 honoribus
458 995 593 1041 ditati
610 1006 736 1041 sunt.
755 994 1023 1042 Rodbertus
1045 994 1173 1040 enim
1194 993 1474 1040 comitatum

60 1069 116 1117 de
149 1071 381 1118 Mellento
414 1073 463 1118 in
498 1090 620 1137 pago
647 1073 888 1119 Vilcasino
919 1071 1206 1118 hereditario
1231 1072 1338 1135 jure
1368 1080 1476 1134 post

59 1148 323 1212 Hugonem,
343 1146 558 1196 Adelinae
576 1151 740 1195 matris
754 1167 848 1196 suae
863 1151 1077 1206 fratrem,
1103 1148 1308 1212 possedit
1322 1185 1333 1204 ‚
1355 1158 1402 1193 et
1426 1148 1472 1193 in

61 1224 230 1289 Anglia
263 1227 542 1272 comitatum
577 1228 887 1291 Legecestriae
923 1245 1030 1273 cum
1058 1227 1159 1272 aliis
1183 1224 1400 1289 pluribus
1430 1235 1476 1271 et

61 1301 201 1366 gazis,
228 1302 421 1349 Henrici
452 1303 576 1367 regis
604 1302 733 1349 dono
763 1304 964 1349 feliciter
988 1302 1198 1349 obtinuit
1223 1302 1311 1364 Q5).
1339 1302 1475 1346 Hen—

61 1377 181 1424 rieus
214 1387 396 1434 autem,
423 1379 569 1424 frater
593 1380 715 1442 ejus,
745 1379 1022 1425 strenuitate
1054 1396 1131 1424 sua
1165 1388 1211 1424 et
1241 1377 1476 1443 legalitate

61 1544 81 1578 ξι
95 1543 329 1591 Saint-Leger
346 1542 391 1578 de
408 1544 549 1578 Preaux
568 1557 636 1579 xxx
655 1558 804 1579 mansos
825 1551 933 1580 [ριν-ιι)
952 1547 988 1579 in
1009 1546 1117 1591 sylva
1138 1557 1221 1591 qtae
1247 1545 1342 1578 Once
1361 1545 1477 1589 vulgo

63 1604 270 1638 nominatur
288 1603 340 1647 (la
360 1603 454 1638 soret
474 1604 519 1638 dc
539 1605 772 1650 liezitiniont).

107 1663 205 1698 Tous
224 1675 280 1698 ces
297 1662 485 1698 domaines
502 1679 508 1698 :
531 1664 683 1699 Vieilles
695 1692 703 1707 ‚
725 1665 926 1698 ssoaumont
943 1671 979 1697 ct
995 1664 1026 1697 la
1044 1664 1139 1698 fori-t
1155 1663 1342 1701 d’Ouche,
1366 1663 1479 1697 Bean-

62 1723 214 1766 montel‚
236 1730 320 1766 etc,
339 1724 538 1770 paraissent
557 1725 656 1758 avoir
676 1726 733 1758 etc
751 1724 890 1758 donnes
906 1727 922 1757 ἐι
943 1724 1074 1758 Onsroi
1096 1724 1140 1757 (10
1160 1723 1310 1758 Yioilles
1329 1735 1393 1768 par
1412 1734 1477 1756 son

62 1781 154 1817 frere
169 1782 306 1826 Raoul,
330 1783 393 1830 qui
409 1783 623 1817 administra
638 1796 683 1817 cn
701 1783 838 1830 qualite
855 1783 1065 1817 d'cconome
1084 1782 1244 1827 l'abbayc
1261 1781 1306 1815 (10
1326 1782 1454 1815 Bernai
1466 1809 1474 1821 ,

62 1848 164 1876 avant
192 1841 298 1885 1048,
327 1843 469 1889 e'poque
495 1843 542 1875 ou
570 1841 594 1876 il
624 1842 680 1876 fut
710 1843 858 1876 nomme
881 1842 972 1876 abbe
998 1841 1047 1875 du
1075 1840 1476 1876 mont-Saint-lllichvl.

63 1899 262 1948 L’exemple
286 1901 331 1935 de
358 1901 474 1936 Raoul
498 1901 553 1935 fut
578 1902 668 1935 suivi
694 1914 758 1947 par
777 1913 840 1935 son
864 1913 1072 1935 successeur
1093 1901 1264 1943 Thierri,
1287 1899 1409 1933 moine
1432 1898 1477 1933 de

63 1958 264 2007 Jumieiges,
287 1960 351 2007 qui
372 1959 517 2007 disposa
536 1960 582 1994 de
601 1960 633 1994 la
656 1962 783 1995 moitic·
800 1960 851 1994 du
870 1961 988 2005 bom-g
1006 1960 1051 1994 (10
1072 1960 1218 2003 Bcrnai,
1238 1972 1321 1994 avec
1340 1972 1390 1993 un
1410 1960 1478 1993 im—

63 2029 184 2054 mense
201 2019 389 2054 territoire
407 2018 505 2052 rural
517 2047 526 2062 ‚
547 2031 592 2053 en
610 2019 733 2054 favour
751 2019 796 2054 dc
814 2019 938 2065 Rogcr
955 2019 1000 2054 dc
1018 2019 1303 2065 Montgommcri
1315 2046 1323 2060 ‚
1345 2018 1438 2052 dont
1453 2019 1477 2053 il

64 2077 168 2122 emit,
194 2078 334 2121 dit-on,
357 2086 499 2125 parent.

108 2137 157 2184 (1)
177 2137 300 2185 Roger
318 2137 363 2172 de
380 2137 487 2173 Clare
506 2149 555 2171 ou
573 2136 618 2171 (10
642 2137 837 2179 Biensaitc,
864 2137 919 2171 fils
942 2137 1023 2171 aine
1040 2136 1084 2171 de
1105 2136 1268 2171 Richard
1293 2136 1339 2170 de
1364 2137 1478 2171 Bien—

64 2196 160 2240 faite,
173 2205 227 2233 est
239 2198 272 2232 le
284 2198 401 2232 meme
414 2209 642 2244 personnage
653 2210 724 2244 quc
736 2209 828 2231 nous
841 2209 976 2231 venons
987 2197 1032 2231 (10
1045 2198 1122 2231 voit·
1136 2197 1272 2244 figurer
1283 2196 1473 2238 ci-‹lessus,

65 2266 99 2302 p.
117 2255 186 2300 545
211 2263 248 2292 et
274 2256 361 2300 544,
388 2264 425 2292 et
449 2257 482 2292 le
513 2258 609 2292 scere
636 2257 681 2291 (le
709 2257 895 2292 Gislelmrt
921 2257 967 2291 de
989 2257 1206 2303 Tunbridge
1233 2270 1280 2291 ou
1306 2256 1350 2291 dc
1372 2257 1478 2291 Clare

33 2317 36 2322 ’
65 2314 270 2359 (ci-dessus,
285 2330 321 2364 p.
342 2319 439 2365 407).
460 2317 491 2351 11
506 2316 615 2351 vivait
632 2329 763 2351 encore
780 2329 825 2351 en
843 2328 945 2358 1120,
968 2323 1003 2350 ct
1018 2318 1152 2363 portait
1169 2316 1480 2351 indiffcrcmment

64 2372 114 2409 les
126 2374 220 2410 deux
236 2389 341 2411 noms
358 2377 403 2411 de
418 2377 541 2419 Clare,
560 2377 715 2411 chatoau
729 2376 773 2411 de
791 2389 856 2410 son
874 2378 960 2423 pere
975 2377 1065 2411 dans
1080 2377 1113 2411 lc
1128 2379 1247 2411 comto
1261 2377 1306 2411 (10
1320 2377 1456 2411 Suss'olk
1468 2406 1475 2419 ‚

66 2443 112 2467 ou
125 2433 170 2469 de
181 2435 359 2471 Bienfaite
379 2438 458 2483 pres
473 2436 608 2472 Orbec.
630 2436 783 2482 L'e'glisc
797 2436 841 2470 de
855 2437 1062 2471 Saint-Jean
1080 2436 1124 2470 (10
1142 2437 1247 2471 Claro
1264 2437 1319 2470 sut
1336 2436 1479 2469 ‹lonncc

66 2491 85 2526 Ξι
108 2491 268 2541 l'abbaye
292 2495 342 2529 du
365 2495 433 2530 Bec
457 2508 502 2530 eu
526 2508 631 2542 1090,
660 2508 724 2542 par
748 2508 813 2530 son
838 2496 933 2530 frere
954 2495 1152 2531 Gislebert.
1179 2495 1207 2529 Il
1230 2503 1283 2530 est
1305 2495 1479 2542 probablc

66 2561 136 2598 que
153 2551 293 2589 Robert
309 2554 354 2590 de
372 2556 593 2596 Beauunont,
615 2568 663 2590 ou
688 2555 809 2602 plutot
831 2555 875 2590 (lc
899 2556 1051 2591 Vicillcs
1070 2557 1150 2599 (car
1167 2568 1207 2590 cc
1224 2556 1280 2590 fut
1299 2568 1362 2589 son
1384 2556 1479 2589 frere

66 2609 187 2658 Roget
205 2614 268 2661 qui
288 2614 397 2649 fonda
417 2615 657 2662 Bcaumont),
679 2628 766 2649 aui-a
786 2616 843 2649 etc
862 2616 924 2648 tue
942 2628 1007 2661 par
1028 2615 1152 2661 Rogcr
1172 2614 1217 2649 de
1237 2614 1360 2659 Clare,
1388 2614 1477 2648 dans

66 2669 221 2718 quelque
238 2672 381 2708 demele
398 2674 522 2708 relatis
536 2676 555 2708 ἐι
574 2674 607 2709 la
626 2675 829 2721 possession
849 2674 894 2709 (10
914 2674 1086 2709 Brionnc.

112 2730 163 2774 (2)
183 2730 252 2766 Ces
270 2738 363 2767 mots
382 2745 427 2767 ne
446 2745 538 2768 nous
556 2735 757 2780 paraisscnt
775 2746 836 2779 pas
856 2741 1055 2780 pei-mettre
1073 2734 1118 2768 (10
1136 2741 1329 2779 rapporter
1349 2734 1366 2766 :¹1
1390 2734 1473 2776 ¹00¹<

67 2786 99 2821 la
118 2796 214 2823 mort
230 2789 274 2824 de
294 2791 430 2835 Rogcu·,
454 2805 593 2827 romine
614 2806 656 2826 on
682 2794 720 2826 Ι’;ι
744 2794 806 2826 sair
828 2794 1005 2839 jucqu‘ivr

114 2846 161 2891 (3)
182 2849 233 2883 En
260 2850 344 2883 1103
