2085 3455
584 334 663 373 440
947 325 1188 366 HISTORIA
1216 319 1620 362 ECCLESIASTICA.

586 422 678 469 olei
691 417 1010 487 pinguedine.
1044 414 1193 479 Quod
1215 430 1323 458 vero
1345 409 1568 456 manibus
1589 408 1758 452 nostris
1779 405 1988 469 quotidie

586 517 680 545 non
707 498 1004 551 laboramus,
1034 493 1341 557 plurimorum
1369 488 1469 533 a'ire
1494 484 1798 532 stimulamur
1822 481 1990 528 redar-

583 576 884 641 gutionibu55
919 572 1006 618 sed
1043 572 1277 617 sincerum
1310 570 1358 612 in
1408 566 1568 610 (livino
1609 562 1739 609 cultu
1786 559 1989 605 laborem

588 653 826 699 audacter
858 649 1134 714 objicimus,
1161 662 1298 709 quem
1321 644 1381 689 ab
1407 640 1693 687 authenticis
1720 636 1986 700 magistris,

587 732 775 778 (liutina
802 728 977 774 divince
1003 726 1123 788 legis
1141 721 1440 769 observantia
1460 718 1675 784 probatis
1689 753 1702 772 ,
1725 713 1837 759 olim
1856 711 1990 758 didi-

590 811 756 855 cimus.
805 804 1110 865 Dagobertus
1143 817 1234 845 rex
1272 809 1316 843 et
1352 795 1671 842 Theodericus
1708 801 1851 854 atque
1890 789 1992 834 Ca—

589 886 718 933 rolus
761 884 976 945 Blagnus
1010 880 1281 943 imperator,
1315 874 1497 938 aliique
1529 888 1661 934 reges
1699 879 1742 914 et
1783 866 1994 929 Augusti

592 959 811 1008 coenobia
833 957 994 1003 devote
1017 952 1360 1007 condiderunt,
1389 960 1431 995 et
1454 948 1514 994 de
1532 948 1632 993 suis
1653 942 1913 990 redditibus
1932 940 2000 987 ad

591 1039 770 1083 victum
808 1044 853 1080 et
890 1033 1107 1079 vestitum
1145 1045 1383 1075 servorum
1416 1026 1513 1071 Dei
1544 1023 1745 1069 ubertim
1777 1035 1999 1081 erogave-

593 1124 726 1171 runt,
756 1110 1204 1171 multitudinemque
1232 1105 1458 1152 clientum
1483 1101 1552 1148 ad
1573 1103 1805 1146 exteriora
1830 1096 1999 1142 minis-

593 1194 710 1238 teria
749 1190 956 1255 pleniter
995 1184 1239 1251 explenda
1279 1182 1608 1246 subjecerunt,
1654 1175 2004 1237 monachosque

597 1267 894 1324 lectionibus,
922 1276 966 1311 et
987 1264 1140 1311 sacris
1156 1260 1451 1307 orationibus
1462 1275 1551 1324 pro
1571 1255 1754 1302 cunctis
1778 1250 2003 1314 benaeffac—

601 1346 782 1394 toribus
806 1346 925 1402 suis,
948 1354 992 1389 et
1017 1339 1286 1388 coelestibus
1304 1338 1537 1400 mysteriis
1562 1336 1761 1380 intentos
1776 1347 1877 1377 esse
1900 1345 2008 1375 con-

601 1427 864 1471 stituerunt.
892 1419 1093 1468 Exinde
1107 1420 1380 1483 principum
1408 1413 1729 1467 institutione,
1756 1420 1798 1455 et
1821 1407 2007 1454 diutina

603 1499 946 1548 consuetudine
981 1501 1205 1542 usitatum
1231 1505 1299 1540 est
1324 1495 1373 1538 in
1402 1491 1573 1538 Gallia
1608 1499 1656 1534 ut
1691 1487 1859 1534 rustici
1880 1502 2011 1530 rura-

606 1580 693 1636 lia,
715 1579 838 1623 sicut
857 1576 1008 1630 decet,
1027 1581 1264 1636 peragant
1283 1588 1459 1635 opera,
1483 1579 1526 1613 et
1549 1567 1673 1614 servi
1692 1563 1879 1612 servilia
1884 1579 2010 1628 pas-

605 1659 696 1703 sim
713 1661 967 1701 exerceant
985 1652 1273 1702 ministerum
1292 1645 1519 1693 monachi
1531 1655 1709 1701 autem,
1729 1643 1812 1707 qui
1827 1637 2007 1704 sponte,

607 1732 781 1779 relictis
818 1725 1157 1794 hujusmundi
1188 1722 1515 1779 vanitatibus,
1553 1721 1657 1784 regi
1689 1735 1851 1782 regum
1883 1715 2014 1762 mili-

608 1820 735 1866 tant,
771 1803 1110 1853 claustralibus
1138 1803 1285 1866 septis
1322 1811 1370 1845 ut
1384 1794 1520 1860 filii&
1550 1798 1675 1860 regis
1706 1798 1863 1860 quiete
1893 1795 2015 1839 insi-

607 1885 783 1940 deant,
825 1898 1010 1928 arcana
1042 1895 1197 1926 sacrae
1233 1878 1349 1941 legis
1388 1874 1589 1939 legendo
1626 1874 1934 1937 perquirant,
1975 1879 2017 1914 et

611 1963 721 2009 inde
760 1977 944 2024 semper
970 1956 1281 2010 meditantes,
1325 1952 1642 1999 taciturnitati
1672 1947 2018 1996 delectabiliter

609 2041 860 2094 insistant,
901 2053 933 2081 a
964 2034 1134 2099 pravis
1172 2044 1216 2077 et
1251 2031 1414 2076 otiosis
1451 2026 1748 2075 sermonibus
1786 2042 1839 2072 os
1879 2039 2016 2070 suum

611 2124 891 2170 coerceant,
938 2111 1199 2158 Davidicos
1245 2109 1473 2172 hymnos,
1523 2106 1743 2168 aliasque
1786 2106 2016 2165 mysticas

611 2191 961 2240 modulationes
984 2198 1118 2234 nocte
1140 2187 1311 2249 dieque
1338 2184 1559 2229 Creatori
1577 2182 1860 2236 concinant,
1885 2178 2016 2224 aliis-

611 2289 700 2336 que
722 2267 913 2315 mundis
935 2278 977 2311 et
999 2266 1181 2311 idoneis
1200 2263 1387 2310 actibus
1408 2260 1616 2326 quotidie
1636 2258 1860 2321 agendis,
1876 2265 2018 2322 prout

611 2349 733 2396 ratio
758 2346 990 2408 exegerit,
1025 2342 1288 2389 secundum
1311 2349 1563 2405 praecepta
1595 2337 1834 2401 majorum
1865 2337 2017 2380 inten-

613 2425 750 2470 dant.
782 2426 903 2468 Hcec
939 2425 986 2466 in
1025 2419 1282 2466 Occidente
1317 2414 1540 2462 monachi
1573 2414 1803 2460 hactenus
1830 2408 2021 2475 operari

613 2503 793 2558 solent,
835 2517 898 2546 ac
930 2499 1096 2544 studia
1130 2514 1290 2543 eorum
1323 2492 1657 2559 hujuscemodi
1690 2507 1791 2536 esse
1823 2488 2014 2544 debere,

613 2596 771 2628 omnes
805 2577 984 2643 procul
1023 2575 1172 2622 dubio
1207 2584 1380 2621 norunt
1415 2583 1458 2618 et
1490 2570 1755 2636 perhibent.
1794 2567 1935 2614 Absit
1972 2574 2020 2611 ut

614 2659 778 2704 rustici
796 2666 1059 2719 torpescant
1077 2657 1195 2710 otio,
1215 2652 1460 2715 saturique
1478 2650 1797 2704 lascivientes,
1824 2643 2018 2691 cachin-

614 2738 688 2781 nis
727 2744 770 2779 et
805 2732 944 2778 inani
977 2741 1150 2777 vacent
1185 2729 1399 2785 ludicro,
1441 2743 1639 2790 quorum
1672 2724 1889 2788 genuina
1922 2737 2018 2767 sors

614 2811 767 2858 labori
805 2808 970 2855 dedita
1012 2818 1080 2853 est
1122 2805 1351 2861 assiduo;
1390 2803 1572 2866 egregii
1610 2818 1720 2847 vero
1764 2798 1937 2845 milites
1977 2804 2020 2841 et
