2033 3445
71 283 285 334 [560-596]
567 279 719 317 LIBER
749 278 956 317 SEXTUS.
1421 279 1471 317 63

71 367 269 417 exeundi
292 375 590 430 potestatem,
612 363 919 427 obstupefacti
938 379 1022 409 eur
1037 361 1127 408 hoc
1148 364 1446 426 contingeret
1459 401 1472 421 ‚

72 458 118 493 et
137 448 232 512 jam
246 442 447 491 errando
463 441 667 505 fatigati,
688 441 940 488 audierunt
957 440 1147 503 signum
1162 476 1173 496 ,
1200 456 1296 503 quo
1311 440 1476 486 fratres

74 523 206 570 acciti
224 520 532 567 convenirent
556 517 613 565 ad
636 529 873 565 consuetae
896 516 1123 564 orationis
1151 516 1357 562 studium
1386 518 1472 579 (ι).

75 600 146 647 Ad
166 602 294 661 cujus
317 599 524 644 sonitum
549 597 699 644 nimio
724 608 909 644 terrore
940 593 1140 659 perculsi
1162 605 1269 640 sunt
1284 630 1297 651 ‚
1325 604 1370 640 et
1396 610 1476 640 rc-

74 676 192 723 lictis
208 675 362 738 porcis
381 673 437 720 ad
460 673 704 720 hominem
720 674 805 720 Dei
829 672 1056 719 velociter
1078 680 1387 717 accesserunt.
1416 670 1479 715 Et

72 754 262 801 confessi
286 752 466 799 crimen
484 751 612 816 quod
638 762 858 816 egerant,
876 751 983 797 sacti
1001 760 1108 795 sunt
1133 749 1172 795 ei
1193 748 1432 796 monachi.
1457 771 1477 791 n

140 850 163 874 «
184 829 363 877 Verum
382 827 439 874 ad
461 827 884 875 commendandam
906 827 1136 873 illustrem
1158 826 1359 889 gloriam
1379 843 1480 871 ma·-

73 908 229 972 gistri‚
265 924 362 954 non
400 905 516 952 illud
548 905 797 953 tacendum
834 922 928 952 esse
962 904 1201 961 duximus,
1239 903 1367 968 quod
1395 919 1480 967 per

73 984 322 1050 quemdam
333 983 674 1047 discipulorum
695 981 1371 1048 ejusdemhonorificentissimi
1390 980 1478 1026 viri

73 1061 286 1109 exhibuit
302 1061 578 1125 praecellens
597 1062 744 1125 gratia
761 1060 1043 1124 septiformis
1062 1059 1281 1122 Spiritus.
1305 1058 1484 1104 Corvus

74 1155 298 1203 namque,
331 1138 410 1203 qui
446 1155 596 1201 prope
644 1138 982 1184 monasterium
1018 1135 1361 1191 nidificaverat,
1396 1151 1481 1181 ova

73 1217 243 1263 furtive
277 1215 519 1279 rapiebat,
557 1226 604 1261 et
635 1231 720 1278 per
753 1215 977 1260 insertam
1009 1214 1262 1259 fenestram
1291 1211 1484 1259 resecto-

75 1295 200 1340 rium
221 1295 423 1350 intrans,
451 1293 611 1340 omnia
636 1291 861 1338 turbabat
875 1328 886 1347 ‚
910 1291 1117 1355 nidoque
1136 1307 1219 1337 suo
1239 1290 1368 1355 quod
1387 1291 1482 1337 tol-

76 1371 172 1417 lere
189 1381 344 1435 posset
367 1369 653 1434 asportabat.
682 1371 817 1416 Tunc
841 1386 962 1415 unus
992 1386 1045 1414 cx
1079 1367 1328 1425 fratribus,
1358 1370 1485 1433 cujus

78 1449 166 1496 hoc
187 1460 289 1496 erat
313 1450 542 1505 officium,
571 1448 848 1512 simpliciter
867 1464 1008 1493 orans
1033 1446 1187 1510 inquit
1215 1466 1224 1490 :
1254 1447 1483 1503 Domine,

76 1527 274 1573 vindica
311 1544 398 1573 nos
435 1527 493 1572 dc
533 1527 833 1583 adversario,
873 1526 958 1589 qui
993 1527 1149 1588 (affert
1185 1524 1319 1587 quod
1353 1524 1487 1569 nobis

77 1604 228 1650 donat
269 1616 352 1650 tua
390 1607 646 1651 miseratio.
691 1603 788 1650 Nec
830 1620 961 1649 mora
1005 1602 1305 1665 reperierunt
1348 1602 1489 1649 volu—

78 1698 206 1728 crem
231 1681 318 1728 sub
344 1681 516 1728 arbore
541 1693 809 1739 mortuam,
832 1698 924 1745 qua
946 1679 1034 1726 sibi
1069 1680 1384 1726 collocaverat
1410 1681 1489 1725 ni·-

77 1759 191 1806 dum
219 1761 309 1823 (2).
336 1760 413 1806 Sic
431 1759 661 1825 quidquid
687 1759 751 1805 eis
777 1775 946 1805 nocere
966 1758 1142 1814 voluit,
1172 1769 1251 1804 aut
1285 1759 1378 1805 cito
1413 1775 1489 1822 pe-

79 1838 186 1895 riit,
233 1849 314 1885 aut
351 1839 592 1901 poenitens
633 1837 845 1884 melioris
883 1836 1118 1899 propositi
1162 1835 1376 1882 habitum
1420 1853 1492 1883 re-

80 1915 221 1977 cepit.
247 1935 270 1958 ))

144 1990 297 2055 Igitur
319 2009 427 2038 cum
451 1993 667 2038 omnium
698 1992 936 2055 inspector
961 1990 1083 2037 Deus
1104 1991 1363 2055 gloriosum
1396 2010 1493 2040 cer-

83 2079 238 2115 tamen
277 2069 466 2116 Ebrulfi
499 2069 658 2116 dilecti
695 2070 763 2116 sui
816 2068 1073 2115 clementer
1111 2070 1362 2133 aspiceret,
1407 2088 1493 2118 cor

83 2146 207 2193 illius
237 2146 343 2194 fidei
373 2146 606 2194 soliditate
640 2147 911 2202 roboravit,
943 2148 1163 2212 quatinus
1194 2165 1495 2212 perseverans

129 2308 180 2353 (ι)
205 2308 256 2342 Ce
281 2308 346 2342 fait
365 2313 559 2349 concourt,
586 2319 668 2341 avec
691 2305 866 2353 quelques
886 2313 1006 2342 autres
1033 2306 1082 2341 du
1104 2307 1222 2342 meme
1245 2319 1355 2354 genre
1375 2309 1496 2355 pulses

84 2367 173 2402 dans
194 2368 375 2413 Gregoire
406 2366 450 2401 dc
476 2367 617 2409 Tours,
647 2369 665 2400 a
697 2378 854 2413 prouver
884 2378 955 2414 que
983 2366 1118 2412 l'usagc
1142 2367 1204 2401 (les
1229 2366 1373 2402 clochcs
1405 2367 1494 2402 dans

85 2420 229 2475 l'Eglise
247 2426 466 2463 d’Occident
483 2433 537 2461 est
556 2427 628 2460 fort
643 2426 830 2461 anterieur
843 2439 888 2461 au
906 2439 998 2473 pape
1020 2427 1192 2462 Sabinien
1204 2455 1212 2470 ‚
1235 2427 1365 2475 auquel
1387 2440 1434 2462 on
1450 2440 1496 2463 en

86 2502 104 2522 a
122 2495 273 2523 souvent
287 2486 446 2521 attribue
460 2485 750 2521 l'introduction.

130 2548 181 2595 (2)
200 2547 229 2582 ll
249 2547 376 2594 parait,
397 2547 538 2594 ‹l'aprcs
557 2559 596 2581 ce
614 2546 855 2593 paragraphe,
871 2558 941 2594 que
958 2546 991 2580 la
1008 2546 1217 2593 remit-atlon
1236 2546 1298 2580 des
1316 2544 1495 2581 corbcaux

87 2620 168 2643 sous
186 2608 218 2643 le
236 2614 385 2655 rapport
402 2607 447 2642 dc
472 2606 715 2642 l’inclination
741 2619 787 2641 au
812 2606 886 2650 vol,
907 2606 989 2642 date
1007 2606 1051 2641 de
1069 2606 1156 2641 loin.
1172 2607 1274 2642 'Nous
1291 2619 1399 2642 avons
1417 2607 1497 2653 dejii

87 2680 134 2701 vu
149 2667 328 2702 ci-dessus
342 2669 389 2712 (t.
408 2668 442 2701 II
458 2695 466 2711 ,
483 2680 519 2713 p.
541 2678 607 2715 272
621 2669 630 2710 )
646 2666 708 2701 des
727 2667 871 2702 oiscaux
888 2666 934 2701 de
951 2674 1045 2702 ccttc
1063 2668 1189 2714 espece
1208 2667 1344 2714 figuret·
1360 2667 1449 2701 dans
1467 2666 1499 2700 la

89 2726 240 2773 le'gende
255 2727 299 2761 de
314 2727 407 2761 saint
423 2726 607 2769 Guthlac3
625 2727 716 2762 mais
731 2727 827 2761 leurs
846 2727 987 2762 desants
1006 2740 1026 2772 y
1047 2734 1127 2762 sont
1147 2727 1278 2762 toleres
1295 2740 1377 2762 avec
1394 2726 1502 2761 beau·

92 2799 184 2832 coup
204 2786 282 2833 plus
300 2786 344 2821 (lc
361 2786 537 2822 douceur.
