2033 3445
57 316 174 362 [cmm
200 316 317 364 1050]
556 312 706 350 LIBER
734 309 940 350 SEXTUS.
1370 318 1443 353 113

56 400 196 457 vidit,
227 417 316 465 qua
344 399 531 446 edoctus
558 397 852 444 Harduinum
878 408 1187 462 aegrotantem
1216 402 1443 458 visitavit,

55 488 102 522 et
126 495 307 523 sacrum
331 475 387 521 ad
409 476 654 538 pristinam
678 474 832 521 sedem
861 474 1018 521 revehi
1047 493 1208 521 saxum
1233 495 1449 525 commo-

56 554 186 610 nuit;
220 553 428 616 alioquin
464 552 598 597 ilium
635 551 969 598 inevitabiliter
1000 553 1289 599 moriturum
1323 572 1453 617 prae—

53 629 184 675 dixit.
199 628 332 688 Quod
345 628 532 674 audiens
545 645 686 692 aeger,
696 629 918 675 familiam
932 640 1141 675 actutum
1156 631 1449 687 convocavit,

54 705 327 769 quadrigam
353 721 460 751 cum
490 704 642 752 bobus
675 707 882 769 coaptari
915 707 1164 770 praecepit,
1199 725 1454 771 saxumque

53 782 110 828 ad
137 793 339 828 sanctam
363 782 573 845 Virginis
596 783 760 828 Matris
788 783 936 829 aedem
968 782 1126 830 reduci
1161 783 1336 830 obnixe
1368 801 1454 831 ro-

55 860 196 922 gavit.
228 860 347 906 Saxo
379 860 532 924 itaque
570 861 616 906 in
647 879 791 907 curru
825 861 976 906 levato
1012 862 1106 923 ipse
1139 863 1456 925 superpositus

55 946 143 993 est,
165 947 210 982 et
228 936 381 1000 lapide
399 936 455 983 de
473 955 599 984 sacra
617 938 759 984 domo
773 976 784 996 ,
806 955 948 1002 quem
971 949 1216 1000 rapuerat,
1243 938 1453 995 reddito,

54 1022 235 1057 reatum
257 1014 486 1058 consessus
505 1024 595 1070 est,
625 1024 670 1059 et
693 1015 1033 1077 omnipotentis
1053 1013 1231 1060 Adonai
1258 1014 1459 1060 clemen-

57 1088 167 1132 tiam
190 1089 424 1144 exoravit‚
452 1100 497 1134 et
521 1107 631 1136 mox
657 1099 841 1135 sanatus
866 1100 950 1135 est.

118 1164 265 1209 Multa
289 1163 477 1227 quidem
499 1176 545 1211 et
567 1165 654 1210 alia
679 1166 807 1228 signa
833 1163 1008 1210 ibidem
1032 1176 1298 1227 perpetrata
1323 1176 1455 1221 sunt3

55 1259 159 1306 quae
194 1241 517 1289 deficientibus
549 1243 797 1306 terrigenis
828 1243 950 1288 illius
978 1244 1201 1306 temporis
1226 1243 1458 1290 oblivioni

57 1319 226 1365 tradita
259 1330 395 1376 sunt;
430 1320 537 1384 quia
578 1337 667 1383 pro
705 1320 903 1384 penuria
938 1321 1249 1382 scriptorum,
1291 1320 1461 1384 quibus

59 1407 170 1442 tunc
192 1396 406 1442 Neustria
429 1390 632 1443 maxime
656 1396 869 1453 carebat,
898 1397 1069 1459 scripta
1096 1414 1193 1443 nou
1218 1408 1344 1443 sunt.

121 1475 332 1539 Denique
346 1485 611 1521 constructa
632 1475 679 1520 in
699 1485 860 1521 monte
878 1474 1048 1521 silvoso
1068 1475 1256 1520 basilica
1279 1476 1369 1539 (ι),
1394 1487 1461 1522 to-

61 1551 149 1596 tius
175 1551 432 1614 provinciae
458 1551 657 1614 populus
686 1552 867 1597 laetatus
893 1561 983 1606 est,
1015 1561 1062 1596 et
1091 1568 1199 1596 cura
1231 1553 1326 1615 ejus
1354 1570 1461 1598 cum

59 1628 287 1692 regimine
301 1627 561 1691 parrochiae
581 1628 848 1675 Belvaeensi
870 1628 1093 1674 Restoldo
1113 1630 1356 1675 commissa
1373 1640 1459 1688 est,

59 1715 152 1750 tam
179 1723 203 1751 a
224 1705 461 1752 Guazsone
484 1717 530 1752 et
552 1705 750 1752 Radulso
774 1723 913 1770 quam
946 1705 1003 1750 ab
1029 1706 1247 1769 episcopo
1279 1705 1461 1754 Ebroi-

58 1783 180 1828 censi
206 1783 253 1828 in
278 1785 406 1847 cujus
430 1783 675 1829 territorio
699 1783 781 1828 sita
810 1794 894 1828 est.

120 1859 188 1905 Ea
206 1870 477 1923 tempestate
495 1860 793 1913 Guillelmus,
813 1862 976 1907 Geroii
992 1860 1114 1906 filius
1127 1862 1217 1924 (2),
1235 1860 1459 1908 domina-

60 1948 157 1983 tum
172 1938 388 1984 Escalsou
401 1937 620 2001 possedit,
638 1938 745 1984 etin
761 1939 873 1984 silva
886 1940 1066 1984 sontem
1079 1939 1235 1984 Sancti
1250 1938 1457 1994 Ehrulfi,

58 2025 104 2059 et
125 2031 264 2077 super
286 2015 492 2060 rivulum
512 2015 789 2061 Carentonae
811 2027 1017 2061 veterem
1039 2016 1279 2062 ecclesiam
1303 2017 1350 2062 S.
1377 2017 1460 2062 Pe-

59 2092 118 2136 tri
142 2092 336 2154 apostoli
364 2109 458 2138 esse
483 2092 675 2138 audivit.
698 2093 786 2153 Qui
806 2094 1074 2140 curiositate
1092 2092 1280 2149 ductus,
1303 2094 1458 2140 omnia

57 2169 357 2231 perlustravit
375 2206 386 2225 ,
432 2170 587 2215 locum
624 2170 706 2215 Dei
749 2169 1009 2216 cultoribus
1051 2170 1272 2217 idoneum
1311 2170 1429 2216 vidit
1445 2208 1457 2227 ,

59 2256 325 2292 reverenter
350 2246 575 2301 laudavit,
605 2245 761 2310 ibique
782 2246 1053 2293 Restoldum
1075 2258 1121 2293 et
1140 2248 1459 2311 Ingerannum

56 2320 204 2368 eidem
231 2322 334 2368 loco
360 2321 655 2385 presbyteros
679 2322 934 2386 delegavit,
964 2324 1121 2388 eisque
1151 2325 1329 2369 victum
1359 2325 1458 2369 sus-

57 2397 288 2445 sicientem
322 2399 378 2445 de
408 2399 668 2446 redditibus
697 2400 912 2447 Escalsou
943 2401 1195 2447 ordinavit.
1235 2403 1457 2448 Processu

102 2544 153 2585 (1)
172 2542 201 2575 Il
223 2549 275 2576 est
297 2542 380 2577 hieu
405 2543 528 2577 visiblc
551 2555 638 2590 quc,
665 2543 753 2577 daus
778 2556 817 2578 cc
837 2556 1001 2592 passage,
1025 2545 1048 2578 il
1068 2545 1172 2590 s'agit
1194 2544 1238 2578 dc
1257 2544 1393 2591 l'e'glise
1411 2545 1455 2579 de

57 2599 492 2643 Notre-Dame-du-ssois;
518 2603 604 2636 mais
624 2609 727 2636 notre
746 2610 875 2637 auteur
892 2603 1024 2638 semble
1042 2603 1184 2638 oublicr
1202 2616 1241 2638 cc
1259 2604 1346 2651 qu’il
1366 2616 1456 2638 nous

56 2659 170 2704 parait
186 2660 281 2694 avoir
299 2660 350 2695 dit
369 2660 564 2702 ci-dessus,
587 2675 620 2707 p.
643 2660 688 2708 (ἴς)
701 2690 708 2703 ‚
729 2661 773 2695 (le
791 2675 853 2695 sou
869 2661 1020 2697 identite
1035 2675 1115 2696 avec
1134 2662 1222 2696 celle
1240 2662 1285 2697 de
1304 2663 1333 2696 la
1356 2663 1454 2697 rcinc

58 2718 236 2753 Faileube.

101 2777 149 2821 (2)
167 2778 234 2811 Sur
254 2779 460 2813 Guiilnmnc
479 2781 623 2822 Givoiv,
647 2794 750 2816 vow‘z
772 2782 963 2822 ‹ri-dossus‚
988 2790 999 2814 t
1033 2783 1086 2820 Π,
1110 2795 1142 2828 p.
1169 2781 1218 2816 ι’ῖ.

154 2855 223 2882 ιιι.
1231 2846 1255 2884 8
