<?xml version="1.0" encoding="UTF-8"?>
<!DOCTYPE html PUBLIC "-//W3C//DTD XHTML 1.0 Transitional//EN"
    "http://www.w3.org/TR/xhtml1/DTD/xhtml1-transitional.dtd">
<html xmlns="http://www.w3.org/1999/xhtml" xml:lang="en" lang="en">
 <head>
  <title>
</title>
<meta http-equiv="Content-Type" content="text/html;charset=utf-8" />
  <meta name='ocr-system' content='tesseract 3.04.00' />
  <meta name='ocr-capabilities' content='ocr_page ocr_carea ocr_par ocr_line ocrx_word'/>
</head>
<body>
  <div class='ocr_page' id='page_1' title='image "./ordericivitalish03ordeuoft/ordericivitalish03ordeuoft_0646.png"; bbox 0 0 2085 3455; ppageno 0'>
   <div class='ocr_carea' id='block_1_1' title="bbox 567 287 1988 342">
    <p class='ocr_par' dir='ltr' id='par_1_1' title="bbox 567 287 1988 342">
     <span class='ocr_line' id='line_1_1' title="bbox 567 287 1988 342; baseline 0.001 -15"><span class='ocrx_word' id='word_1_1' title='bbox 567 292 647 327; x_wconf 76' lang='lat'>522</span> <span class='ocrx_word' id='word_1_2' title='bbox 937 288 1181 327; x_wconf 80' lang='lat' dir='ltr'><strong>HISTORIA</strong></span> <span class='ocrx_word' id='word_1_3' title='bbox 1213 287 1619 327; x_wconf 76' lang='lat' dir='ltr'>ECCLESIASTICA.</span> <span class='ocrx_word' id='word_1_4' title='bbox 1710 291 1988 342; x_wconf 84' lang='lat'>[1097-1098]</span> 
     </span>
    </p>
   </div>
   <div class='ocr_carea' id='block_1_2' title="bbox 565 377 2001 2149">
    <p class='ocr_par' dir='ltr' id='par_1_2' title="bbox 565 377 2001 2149">
     <span class='ocr_line' id='line_1_2' title="bbox 566 377 1988 444; baseline 0.001 -20"><span class='ocrx_word' id='word_1_5' title='bbox 566 388 922 441; x_wconf 89' lang='lat' dir='ltr'>processerunt,</span> <span class='ocrx_word' id='word_1_6' title='bbox 944 387 1116 425; x_wconf 87' lang='lat' dir='ltr'>etcum</span> <span class='ocrx_word' id='word_1_7' title='bbox 1130 378 1194 424; x_wconf 89' lang='lat' dir='ltr'>eis</span> <span class='ocrx_word' id='word_1_8' title='bbox 1213 377 1423 423; x_wconf 88' lang='lat' dir='ltr'>militum</span> <span class='ocrx_word' id='word_1_9' title='bbox 1437 388 1483 425; x_wconf 90' lang='lat' dir='ltr'>et</span> <span class='ocrx_word' id='word_1_10' title='bbox 1495 377 1710 442; x_wconf 85' lang='lat' dir='ltr'>peditum</span> <span class='ocrx_word' id='word_1_11' title='bbox 1727 379 1831 442; x_wconf 86' lang='lat' dir='ltr'>plus</span> <span class='ocrx_word' id='word_1_12' title='bbox 1846 396 1988 444; x_wconf 85' lang='lat' dir='ltr'>quam</span> 
     </span>
     <span class='ocr_line' id='line_1_3' title="bbox 566 455 1984 520; baseline 0 -18"><span class='ocrx_word' id='word_1_13' title='bbox 566 473 630 502; x_wconf 85' lang='lat' dir='ltr'>xx</span> <span class='ocrx_word' id='word_1_14' title='bbox 669 455 820 501; x_wconf 86' lang='lat' dir='ltr'>millia</span> <span class='ocrx_word' id='word_1_15' title='bbox 855 472 942 519; x_wconf 89' lang='lat' dir='ltr'>per</span> <span class='ocrx_word' id='word_1_16' title='bbox 975 456 1350 502; x_wconf 84' lang='lat' dir='ltr'>Sarracenorum</span> <span class='ocrx_word' id='word_1_17' title='bbox 1385 456 1594 503; x_wconf 83' lang='lat' dir='ltr'>colonias</span> <span class='ocrx_word' id='word_1_18' title='bbox 1626 455 1822 520; x_wconf 88' lang='lat' dir='ltr'>dispersi</span> <span class='ocrx_word' id='word_1_19' title='bbox 1859 467 1984 503; x_wconf 91' lang='lat' dir='ltr'>sunt.</span> 
     </span>
     <span class='ocr_line' id='line_1_4' title="bbox 567 532 1991 591; baseline 0 -12"><span class='ocrx_word' id='word_1_20' title='bbox 567 533 749 580; x_wconf 81' lang='lat' dir='ltr'><strong>Arabes</strong></span> <span class='ocrx_word' id='word_1_21' title='bbox 784 544 941 579; x_wconf 86' lang='lat' dir='ltr'>autem</span> <span class='ocrx_word' id='word_1_22' title='bbox 965 544 1012 580; x_wconf 86' lang='lat' dir='ltr'>et</span> <span class='ocrx_word' id='word_1_23' title='bbox 1044 534 1189 580; x_wconf 87' lang='lat' dir='ltr'>Turci</span> <span class='ocrx_word' id='word_1_24' title='bbox 1214 532 1272 578; x_wconf 87' lang='lat' dir='ltr'>ab</span> <span class='ocrx_word' id='word_1_25' title='bbox 1304 533 1566 580; x_wconf 81' lang='lat' dir='ltr'><strong>Jerusalem</strong></span> <span class='ocrx_word' id='word_1_26' title='bbox 1589 544 1636 580; x_wconf 93' lang='lat' dir='ltr'>et</span> <span class='ocrx_word' id='word_1_27' title='bbox 1664 534 1915 591; x_wconf 80' lang='lat' dir='ltr'>Damasco,</span> <span class='ocrx_word' id='word_1_28' title='bbox 1944 545 1991 580; x_wconf 86' lang='lat' dir='ltr'>et</span> 
     </span>
     <span class='ocr_line' id='line_1_5' title="bbox 565 611 1988 676; baseline 0 -19"><span class='ocrx_word' id='word_1_29' title='bbox 565 611 624 657; x_wconf 84' lang='lat' dir='ltr'>ab</span> <span class='ocrx_word' id='word_1_30' title='bbox 644 612 746 658; x_wconf 87' lang='lat' dir='ltr'>aliis</span> <span class='ocrx_word' id='word_1_31' title='bbox 768 613 1029 658; x_wconf 77' lang='lat' dir='ltr'>multarum</span> <span class='ocrx_word' id='word_1_32' title='bbox 1063 612 1316 676; x_wconf 81' lang='lat' dir='ltr'>regionum</span> <span class='ocrx_word' id='word_1_33' title='bbox 1338 611 1610 675; x_wconf 87' lang='lat' dir='ltr'>municipiis</span> <span class='ocrx_word' id='word_1_34' title='bbox 1640 622 1988 670; x_wconf 84' lang='lat' dir='ltr'>convenerant,</span> 
     </span>
     <span class='ocr_line' id='line_1_6' title="bbox 565 688 1991 752; baseline -0.001 -16"><span class='ocrx_word' id='word_1_35' title='bbox 565 701 618 736; x_wconf 85' lang='lat' dir='ltr'>ut</span> <span class='ocrx_word' id='word_1_36' title='bbox 644 689 914 737; x_wconf 69' lang='lat' dir='ltr'><strong>Antiochiae</strong></span> <span class='ocrx_word' id='word_1_37' title='bbox 940 688 1270 735; x_wconf 82' lang='lat' dir='ltr'><strong>subvenirent.</strong></span> <span class='ocrx_word' id='word_1_38' title='bbox 1289 689 1398 749; x_wconf 84' lang='lat' dir='ltr'>Qui,</span> <span class='ocrx_word' id='word_1_39' title='bbox 1423 699 1475 734; x_wconf 86' lang='lat' dir='ltr'>ut</span> <span class='ocrx_word' id='word_1_40' title='bbox 1497 688 1789 735; x_wconf 80' lang='lat' dir='ltr'>Christianos</span> <span class='ocrx_word' id='word_1_41' title='bbox 1807 705 1895 752; x_wconf 87' lang='lat' dir='ltr'>per</span> <span class='ocrx_word' id='word_1_42' title='bbox 1910 705 1991 735; x_wconf 90' lang='lat' dir='ltr'>re-</span> 
     </span>
     <span class='ocr_line' id='line_1_7' title="bbox 565 765 1990 831; baseline 0 -18"><span class='ocrx_word' id='word_1_43' title='bbox 565 768 757 831; x_wconf 79' lang='lat' dir='ltr'>gionem</span> <span class='ocrx_word' id='word_1_44' title='bbox 781 785 912 813; x_wconf 85' lang='lat' dir='ltr'>suam</span> <span class='ocrx_word' id='word_1_45' title='bbox 932 765 1167 830; x_wconf 87' lang='lat' dir='ltr'>dispersos</span> <span class='ocrx_word' id='word_1_46' title='bbox 1187 767 1253 829; x_wconf 78' lang='grc' dir='ltr'>(ι)</span> <span class='ocrx_word' id='word_1_47' title='bbox 1272 765 1526 813; x_wconf 86' lang='lat' dir='ltr'>audierunt</span> <span class='ocrx_word' id='word_1_48' title='bbox 1541 803 1551 823; x_wconf 92' lang='lat'>,</span> <span class='ocrx_word' id='word_1_49' title='bbox 1574 765 1829 813; x_wconf 80' lang='lat' dir='ltr'>admodum</span> <span class='ocrx_word' id='word_1_50' title='bbox 1848 767 1990 831; x_wconf 78' lang='lat' dir='ltr'>gavisi</span> 
     </span>
     <span class='ocr_line' id='line_1_8' title="bbox 566 843 1993 908; baseline -0.001 -18"><span class='ocrx_word' id='word_1_51' title='bbox 566 855 699 901; x_wconf 90' lang='lat' dir='ltr'>sunt,</span> <span class='ocrx_word' id='word_1_52' title='bbox 720 854 963 907; x_wconf 83' lang='lat' dir='ltr'>sperantes</span> <span class='ocrx_word' id='word_1_53' title='bbox 988 860 1035 889; x_wconf 92' lang='lat' dir='ltr'>se</span> <span class='ocrx_word' id='word_1_54' title='bbox 1056 843 1148 888; x_wconf 90' lang='lat' dir='ltr'>illis</span> <span class='ocrx_word' id='word_1_55' title='bbox 1166 860 1257 906; x_wconf 86' lang='lat' dir='ltr'>pro</span> <span class='ocrx_word' id='word_1_56' title='bbox 1282 854 1413 890; x_wconf 90' lang='lat' dir='ltr'>certo</span> <span class='ocrx_word' id='word_1_57' title='bbox 1438 844 1794 907; x_wconf 81' lang='lat' dir='ltr'>praevaliturOS,</span> <span class='ocrx_word' id='word_1_58' title='bbox 1815 854 1868 889; x_wconf 88' lang='lat' dir='ltr'>ut</span> <span class='ocrx_word' id='word_1_59' title='bbox 1883 854 1993 908; x_wconf 84' lang='lat' dir='ltr'>pote</span> 
     </span>
     <span class='ocr_line' id='line_1_9' title="bbox 567 919 1991 985; baseline 0 -19"><span class='ocrx_word' id='word_1_60' title='bbox 567 939 684 985; x_wconf 83' lang='lat' dir='ltr'>quos</span> <span class='ocrx_word' id='word_1_61' title='bbox 721 919 1046 984; x_wconf 80' lang='lat' dir='ltr'>opinabantur</span> <span class='ocrx_word' id='word_1_62' title='bbox 1083 937 1256 983; x_wconf 88' lang='lat' dir='ltr'>paucos</span> <span class='ocrx_word' id='word_1_63' title='bbox 1290 930 1338 966; x_wconf 86' lang='lat' dir='ltr'>et</span> <span class='ocrx_word' id='word_1_64' title='bbox 1373 920 1673 968; x_wconf 74' lang='lat' dir='ltr'>adventitios.</span> <span class='ocrx_word' id='word_1_65' title='bbox 1708 922 1991 984; x_wconf 83' lang='lat' dir='ltr'>Intempesta</span> 
     </span>
     <span class='ocr_line' id='line_1_10' title="bbox 570 997 1993 1063; baseline 0 -19"><span class='ocrx_word' id='word_1_66' title='bbox 570 1000 716 1063; x_wconf 78' lang='lat' dir='ltr'>igitur</span> <span class='ocrx_word' id='word_1_67' title='bbox 730 1009 890 1056; x_wconf 93' lang='lat' dir='ltr'>nocte,</span> <span class='ocrx_word' id='word_1_68' title='bbox 917 997 1031 1044; x_wconf 87' lang='lat' dir='ltr'>duas</span> <span class='ocrx_word' id='word_1_69' title='bbox 1054 998 1174 1044; x_wconf 83' lang='lat' dir='ltr'>acies</span> <span class='ocrx_word' id='word_1_70' title='bbox 1200 999 1246 1044; x_wconf 92' lang='lat' dir='ltr'>in</span> <span class='ocrx_word' id='word_1_71' title='bbox 1268 997 1447 1044; x_wconf 87' lang='lat' dir='ltr'>insidiis</span> <span class='ocrx_word' id='word_1_72' title='bbox 1466 998 1831 1056; x_wconf 81' lang='lat' dir='ltr'>ordinaverunt,</span> <span class='ocrx_word' id='word_1_73' title='bbox 1850 1016 1993 1044; x_wconf 88' lang='lat' dir='ltr'>unam</span> 
     </span>
     <span class='ocr_line' id='line_1_11' title="bbox 567 1076 1994 1141; baseline 0.001 -19"><span class='ocrx_word' id='word_1_74' title='bbox 567 1096 588 1122; x_wconf 80' lang='lat' dir='ltr'>a</span> <span class='ocrx_word' id='word_1_75' title='bbox 611 1078 752 1134; x_wconf 67' lang='lat' dir='ltr'>facie,</span> <span class='ocrx_word' id='word_1_76' title='bbox 779 1078 977 1124; x_wconf 87' lang='lat' dir='ltr'>alteram</span> <span class='ocrx_word' id='word_1_77' title='bbox 1002 1095 1024 1123; x_wconf 86' lang='lat' dir='ltr'>a</span> <span class='ocrx_word' id='word_1_78' title='bbox 1050 1088 1202 1141; x_wconf 79' lang='lat' dir='ltr'>tergo.</span> <span class='ocrx_word' id='word_1_79' title='bbox 1237 1076 1547 1141; x_wconf 78' lang='lat' dir='ltr'>Armipotens</span> <span class='ocrx_word' id='word_1_80' title='bbox 1577 1093 1736 1124; x_wconf 88' lang='lat' dir='ltr'>comes</span> <span class='ocrx_word' id='word_1_81' title='bbox 1757 1076 1994 1123; x_wconf 84' lang='lat' dir='ltr'>Flandriae</span> 
     </span>
     <span class='ocr_line' id='line_1_12' title="bbox 567 1155 1992 1212; baseline -0.001 -11"><span class='ocrx_word' id='word_1_82' title='bbox 567 1167 614 1202; x_wconf 92' lang='lat' dir='ltr'>et</span> <span class='ocrx_word' id='word_1_83' title='bbox 647 1155 953 1202; x_wconf 84' lang='lat' dir='ltr'>Buamundus</span> <span class='ocrx_word' id='word_1_84' title='bbox 986 1155 1198 1202; x_wconf 84' lang='lat' dir='ltr'>diluculo</span> <span class='ocrx_word' id='word_1_85' title='bbox 1224 1155 1272 1201; x_wconf 87' lang='lat' dir='ltr'>in</span> <span class='ocrx_word' id='word_1_86' title='bbox 1298 1172 1376 1202; x_wconf 87' lang='lat' dir='ltr'>eos</span> <span class='ocrx_word' id='word_1_87' title='bbox 1402 1155 1694 1201; x_wconf 85' lang='lat' dir='ltr'>unanimiter</span> <span class='ocrx_word' id='word_1_88' title='bbox 1720 1156 1992 1212; x_wconf 86' lang='lat' dir='ltr'>irruerunt,</span> 
     </span>
     <span class='ocr_line' id='line_1_13' title="bbox 568 1233 1997 1297; baseline -0.002 -16"><span class='ocrx_word' id='word_1_89' title='bbox 568 1245 614 1281; x_wconf 90' lang='lat' dir='ltr'>et</span> <span class='ocrx_word' id='word_1_90' title='bbox 648 1235 869 1282; x_wconf 86' lang='lat' dir='ltr'>invocato</span> <span class='ocrx_word' id='word_1_91' title='bbox 895 1234 1091 1281; x_wconf 86' lang='lat' dir='ltr'>nomine</span> <span class='ocrx_word' id='word_1_92' title='bbox 1119 1233 1230 1280; x_wconf 90' lang='lat' dir='ltr'>Jesu</span> <span class='ocrx_word' id='word_1_93' title='bbox 1255 1251 1364 1280; x_wconf 90' lang='lat' dir='ltr'>cum</span> <span class='ocrx_word' id='word_1_94' title='bbox 1397 1233 1532 1297; x_wconf 81' lang='lat' dir='ltr'>signo</span> <span class='ocrx_word' id='word_1_95' title='bbox 1564 1233 1741 1287; x_wconf 88' lang='lat' dir='ltr'>crucis,</span> <span class='ocrx_word' id='word_1_96' title='bbox 1771 1242 1997 1279; x_wconf 85' lang='lat' dir='ltr'>constan—</span> 
     </span>
     <span class='ocr_line' id='line_1_14' title="bbox 568 1309 1995 1374; baseline -0.001 -18"><span class='ocrx_word' id='word_1_97' title='bbox 568 1311 745 1357; x_wconf 82' lang='lat' dir='ltr'>tissime</span> <span class='ocrx_word' id='word_1_98' title='bbox 792 1310 997 1374; x_wconf 81' lang='lat' dir='ltr'>praeliati</span> <span class='ocrx_word' id='word_1_99' title='bbox 1042 1321 1178 1367; x_wconf 91' lang='lat' dir='ltr'>sunt,</span> <span class='ocrx_word' id='word_1_100' title='bbox 1221 1320 1268 1356; x_wconf 85' lang='lat' dir='ltr'>et</span> <span class='ocrx_word' id='word_1_101' title='bbox 1302 1310 1440 1356; x_wconf 83' lang='lat' dir='ltr'>multi</span> <span class='ocrx_word' id='word_1_102' title='bbox 1481 1326 1777 1374; x_wconf 82' lang='lat' dir='ltr'>paganorum</span> <span class='ocrx_word' id='word_1_103' title='bbox 1816 1309 1995 1355; x_wconf 89' lang='lat' dir='ltr'>mortui</span> 
     </span>
     <span class='ocr_line' id='line_1_15' title="bbox 568 1386 1998 1454; baseline -0.001 -19"><span class='ocrx_word' id='word_1_104' title='bbox 568 1400 695 1436; x_wconf 90' lang='lat' dir='ltr'>sunt.</span> <span class='ocrx_word' id='word_1_105' title='bbox 720 1389 903 1436; x_wconf 88' lang='lat' dir='ltr'>Verum</span> <span class='ocrx_word' id='word_1_106' title='bbox 919 1388 976 1436; x_wconf 87' lang='lat' dir='ltr'>de</span> <span class='ocrx_word' id='word_1_107' title='bbox 997 1390 1158 1454; x_wconf 88' lang='lat' dir='ltr'>spoliis</span> <span class='ocrx_word' id='word_1_108' title='bbox 1175 1406 1344 1436; x_wconf 88' lang='lat' dir='ltr'>eorum</span> <span class='ocrx_word' id='word_1_109' title='bbox 1362 1406 1531 1452; x_wconf 88' lang='lat' dir='ltr'>parum</span> <span class='ocrx_word' id='word_1_110' title='bbox 1550 1387 1683 1434; x_wconf 80' lang='lat' dir='ltr'>ditati</span> <span class='ocrx_word' id='word_1_111' title='bbox 1704 1398 1814 1434; x_wconf 92' lang='lat' dir='ltr'>sunt</span> <span class='ocrx_word' id='word_1_112' title='bbox 1832 1386 1998 1433; x_wconf 83' lang='lat' dir='ltr'>Chris-</span> 
     </span>
     <span class='ocr_line' id='line_1_16' title="bbox 571 1465 1997 1532; baseline -0.001 -19"><span class='ocrx_word' id='word_1_113' title='bbox 571 1468 685 1513; x_wconf 87' lang='lat' dir='ltr'>tiani</span> <span class='ocrx_word' id='word_1_114' title='bbox 701 1505 713 1524; x_wconf 89' lang='lat'>‚</span> <span class='ocrx_word' id='word_1_115' title='bbox 741 1469 851 1532; x_wconf 88' lang='lat' dir='ltr'>quia</span> <span class='ocrx_word' id='word_1_116' title='bbox 872 1468 1024 1515; x_wconf 81' lang='lat' dir='ltr'>otium</span> <span class='ocrx_word' id='word_1_117' title='bbox 1050 1486 1147 1515; x_wconf 94' lang='lat' dir='ltr'>non</span> <span class='ocrx_word' id='word_1_118' title='bbox 1173 1467 1443 1515; x_wconf 86' lang='lat' dir='ltr'>habuerunt</span> <span class='ocrx_word' id='word_1_119' title='bbox 1461 1484 1540 1514; x_wconf 89' lang='lat' dir='ltr'>eos</span> <span class='ocrx_word' id='word_1_120' title='bbox 1563 1465 1902 1532; x_wconf 85' lang='lat' dir='ltr'>persequendi,</span> <span class='ocrx_word' id='word_1_121' title='bbox 1924 1466 1997 1512; x_wconf 82' lang='lat' dir='ltr'>vei</span> 
     </span>
     <span class='ocr_line' id='line_1_17' title="bbox 569 1541 1999 1608; baseline -0.001 -18"><span class='ocrx_word' id='word_1_122' title='bbox 569 1545 805 1608; x_wconf 83' lang='lat' dir='ltr'>spoliandi</span> <span class='ocrx_word' id='word_1_123' title='bbox 844 1545 934 1608; x_wconf 77' lang='lat'>(2).</span> <span class='ocrx_word' id='word_1_124' title='bbox 974 1546 1160 1591; x_wconf 89' lang='lat' dir='ltr'>Interea</span> <span class='ocrx_word' id='word_1_125' title='bbox 1201 1545 1371 1601; x_wconf 74' lang='lat' dir='ltr'>Tui-ci,</span> <span class='ocrx_word' id='word_1_126' title='bbox 1410 1545 1490 1608; x_wconf 89' lang='lat' dir='ltr'>qui</span> <span class='ocrx_word' id='word_1_127' title='bbox 1519 1545 1565 1590; x_wconf 89' lang='lat' dir='ltr'>in</span> <span class='ocrx_word' id='word_1_128' title='bbox 1605 1542 1826 1607; x_wconf 83' lang='lat' dir='ltr'>praesidio</span> <span class='ocrx_word' id='word_1_129' title='bbox 1867 1541 1999 1588; x_wconf 86' lang='lat' dir='ltr'>urbis</span> 
     </span>
     <span class='ocr_line' id='line_1_18' title="bbox 571 1620 2000 1680; baseline -0.001 -13"><span class='ocrx_word' id='word_1_130' title='bbox 571 1621 783 1680; x_wconf 83' lang='lat' dir='ltr'>stabant,</span> <span class='ocrx_word' id='word_1_131' title='bbox 824 1622 1065 1669; x_wconf 81' lang='lat' dir='ltr'>audientes</span> <span class='ocrx_word' id='word_1_132' title='bbox 1098 1622 1433 1668; x_wconf 86' lang='lat' dir='ltr'>Buamundum</span> <span class='ocrx_word' id='word_1_133' title='bbox 1457 1620 1748 1678; x_wconf 81' lang='lat' dir='ltr'>abscessisse,</span> <span class='ocrx_word' id='word_1_134' title='bbox 1778 1620 2000 1667; x_wconf 79' lang='lat' dir='ltr'>audacter</span> 
     </span>
     <span class='ocr_line' id='line_1_19' title="bbox 571 1698 2000 1764; baseline -0.001 -19"><span class='ocrx_word' id='word_1_135' title='bbox 571 1699 793 1757; x_wconf 86' lang='lat' dir='ltr'>exibant,</span> <span class='ocrx_word' id='word_1_136' title='bbox 819 1712 866 1746; x_wconf 89' lang='lat' dir='ltr'>et</span> <span class='ocrx_word' id='word_1_137' title='bbox 892 1701 939 1746; x_wconf 92' lang='lat' dir='ltr'>in</span> <span class='ocrx_word' id='word_1_138' title='bbox 969 1701 1077 1763; x_wconf 90' lang='lat' dir='ltr'>ipsis</span> <span class='ocrx_word' id='word_1_139' title='bbox 1097 1702 1193 1764; x_wconf 86' lang='lat' dir='ltr'>jam</span> <span class='ocrx_word' id='word_1_140' title='bbox 1214 1700 1377 1747; x_wconf 84' lang='lat' dir='ltr'>castris</span> <span class='ocrx_word' id='word_1_141' title='bbox 1397 1698 1745 1747; x_wconf 85' lang='lat' dir='ltr'>discurrebant.</span> <span class='ocrx_word' id='word_1_142' title='bbox 1768 1699 2000 1762; x_wconf 86' lang='lat' dir='ltr'>Explora-</span> 
     </span>
     <span class='ocr_line' id='line_1_20' title="bbox 573 1776 1995 1841; baseline -0.001 -19"><span class='ocrx_word' id='word_1_143' title='bbox 573 1788 748 1823; x_wconf 83' lang='lat' dir='ltr'>verunt</span> <span class='ocrx_word' id='word_1_144' title='bbox 772 1777 902 1823; x_wconf 87' lang='lat' dir='ltr'>enim</span> <span class='ocrx_word' id='word_1_145' title='bbox 940 1795 1048 1841; x_wconf 82' lang='lat' dir='ltr'>quae</span> <span class='ocrx_word' id='word_1_146' title='bbox 1082 1778 1290 1824; x_wconf 87' lang='lat' dir='ltr'>tentoria</span> <span class='ocrx_word' id='word_1_147' title='bbox 1326 1776 1622 1841; x_wconf 75' lang='lat' dir='ltr'>languidiora</span> <span class='ocrx_word' id='word_1_148' title='bbox 1648 1777 1995 1839; x_wconf 82' lang='lat' dir='ltr'>reperirentur.</span> 
     </span>
     <span class='ocr_line' id='line_1_21' title="bbox 573 1853 1999 1914; baseline 0 -14"><span class='ocrx_word' id='word_1_149' title='bbox 573 1853 785 1914; x_wconf 84' lang='lat' dir='ltr'>Quadam</span> <span class='ocrx_word' id='word_1_150' title='bbox 804 1854 896 1911; x_wconf 89' lang='lat' dir='ltr'>die,</span> <span class='ocrx_word' id='word_1_151' title='bbox 921 1856 1215 1902; x_wconf 86' lang='lat' dir='ltr'>unanimiter</span> <span class='ocrx_word' id='word_1_152' title='bbox 1235 1857 1282 1901; x_wconf 88' lang='lat' dir='ltr'>in</span> <span class='ocrx_word' id='word_1_153' title='bbox 1309 1856 1470 1902; x_wconf 84' lang='lat' dir='ltr'>castris</span> <span class='ocrx_word' id='word_1_154' title='bbox 1488 1856 1759 1911; x_wconf 88' lang='lat' dir='ltr'>irruerunt,</span> <span class='ocrx_word' id='word_1_155' title='bbox 1783 1865 1829 1901; x_wconf 91' lang='lat' dir='ltr'>et</span> <span class='ocrx_word' id='word_1_156' title='bbox 1848 1855 1999 1900; x_wconf 88' lang='lat' dir='ltr'>comi-</span> 
     </span>
     <span class='ocr_line' id='line_1_22' title="bbox 574 1929 2001 1996; baseline 0 -20"><span class='ocrx_word' id='word_1_157' title='bbox 574 1948 660 1976; x_wconf 88' lang='lat' dir='ltr'>nus</span> <span class='ocrx_word' id='word_1_158' title='bbox 682 1931 729 1977; x_wconf 89' lang='lat' dir='ltr'>in</span> <span class='ocrx_word' id='word_1_159' title='bbox 753 1930 1045 1978; x_wconf 84' lang='lat' dir='ltr'>Christianos</span> <span class='ocrx_word' id='word_1_160' title='bbox 1071 1932 1375 1996; x_wconf 80' lang='lat' dir='ltr'>impegerunt</span> <span class='ocrx_word' id='word_1_161' title='bbox 1389 1968 1400 1988; x_wconf 94' lang='lat'><strong><em>‚</em></strong></span> <span class='ocrx_word' id='word_1_162' title='bbox 1423 1930 1640 1978; x_wconf 88' lang='lat' dir='ltr'>nondum</span> <span class='ocrx_word' id='word_1_163' title='bbox 1658 1931 1855 1978; x_wconf 88' lang='lat' dir='ltr'>scientes</span> <span class='ocrx_word' id='word_1_164' title='bbox 1872 1929 2001 1995; x_wconf 86' lang='lat' dir='ltr'>quod</span> 
     </span>
     <span class='ocr_line' id='line_1_23' title="bbox 574 2007 1999 2066; baseline -0.001 -13"><span class='ocrx_word' id='word_1_165' title='bbox 574 2009 642 2053; x_wconf 88' lang='lat' dir='ltr'>sui</span> <span class='ocrx_word' id='word_1_166' title='bbox 679 2008 853 2056; x_wconf 84' lang='lat' dir='ltr'>devicti</span> <span class='ocrx_word' id='word_1_167' title='bbox 890 2020 1060 2056; x_wconf 89' lang='lat' dir='ltr'>essent.</span> <span class='ocrx_word' id='word_1_168' title='bbox 1088 2010 1174 2056; x_wconf 84' lang='lat' dir='ltr'>Die</span> <span class='ocrx_word' id='word_1_169' title='bbox 1199 2010 1303 2066; x_wconf 84' lang='lat' dir='ltr'>illa,</span> <span class='ocrx_word' id='word_1_170' title='bbox 1330 2008 1636 2055; x_wconf 87' lang='lat' dir='ltr'>vehementer</span> <span class='ocrx_word' id='word_1_171' title='bbox 1667 2007 1914 2055; x_wconf 83' lang='lat' dir='ltr'>Ismaelitae</span> <span class='ocrx_word' id='word_1_172' title='bbox 1953 2008 1999 2053; x_wconf 92' lang='lat' dir='ltr'>in</span> 
     </span>
     <span class='ocr_line' id='line_1_24' title="bbox 575 2085 2000 2149; baseline -0.003 -16"><span class='ocrx_word' id='word_1_173' title='bbox 575 2087 737 2133; x_wconf 82' lang='lat' dir='ltr'>castris</span> <span class='ocrx_word' id='word_1_174' title='bbox 769 2086 1112 2145; x_wconf 82' lang='lat' dir='ltr'>desaevierunt,</span> <span class='ocrx_word' id='word_1_175' title='bbox 1139 2098 1186 2134; x_wconf 85' lang='lat' dir='ltr'>et</span> <span class='ocrx_word' id='word_1_176' title='bbox 1210 2088 1348 2133; x_wconf 88' lang='lat' dir='ltr'>multi</span> <span class='ocrx_word' id='word_1_177' title='bbox 1384 2104 1440 2133; x_wconf 87' lang='lat' dir='ltr'>ex</span> <span class='ocrx_word' id='word_1_178' title='bbox 1465 2086 1743 2133; x_wconf 82' lang='lat' dir='ltr'>Christianis</span> <span class='ocrx_word' id='word_1_179' title='bbox 1765 2085 2000 2149; x_wconf 88' lang='lat' dir='ltr'>perempti</span> 
     </span>
    </p>
   </div>
   <div class='ocr_carea' id='block_1_3' title="bbox 578 2319 2005 2730">
    <p class='ocr_par' dir='ltr' id='par_1_3' title="bbox 578 2319 2003 2551">
     <span class='ocr_line' id='line_1_25' title="bbox 622 2319 2002 2368; baseline -0.004 -10"><span class='ocrx_word' id='word_1_180' title='bbox 622 2326 671 2368; x_wconf 88' lang='lat'>(1)</span> <span class='ocrx_word' id='word_1_181' title='bbox 703 2323 785 2358; x_wconf 90' lang='lat' dir='ltr'>Une</span> <span class='ocrx_word' id='word_1_182' title='bbox 811 2330 916 2357; x_wconf 86' lang='lat' dir='ltr'>autre</span> <span class='ocrx_word' id='word_1_183' title='bbox 944 2324 1195 2358; x_wconf 83' lang='lat' dir='ltr'>circonstancc</span> <span class='ocrx_word' id='word_1_184' title='bbox 1222 2322 1343 2356; x_wconf 77' lang='lat' dir='ltr'>(levait</span> <span class='ocrx_word' id='word_1_185' title='bbox 1366 2333 1499 2356; x_wconf 87' lang='lat' dir='ltr'>encore</span> <span class='ocrx_word' id='word_1_186' title='bbox 1526 2321 1667 2355; x_wconf 81' lang='lat' dir='ltr'>relever</span> <span class='ocrx_word' id='word_1_187' title='bbox 1693 2320 1913 2366; x_wconf 79' lang='lat' dir='ltr'>l&#39;espe&#39;rance</span> <span class='ocrx_word' id='word_1_188' title='bbox 1939 2319 2002 2354; x_wconf 88' lang='lat' dir='ltr'>des</span> 
     </span>
     <span class='ocr_line' id='line_1_26' title="bbox 579 2379 2003 2425; baseline -0.004 -7"><span class='ocrx_word' id='word_1_189' title='bbox 579 2384 826 2425; x_wconf 73' lang='lat' dir='ltr'>musuhnmm3</span> <span class='ocrx_word' id='word_1_190' title='bbox 846 2384 968 2418; x_wconf 78' lang='lat' dir='ltr'>c’etait</span> <span class='ocrx_word' id='word_1_191' title='bbox 986 2384 1018 2418; x_wconf 85' lang='lat' dir='ltr'>la</span> <span class='ocrx_word' id='word_1_192' title='bbox 1039 2385 1294 2419; x_wconf 82' lang='lat' dir='ltr'>continuation</span> <span class='ocrx_word' id='word_1_193' title='bbox 1318 2382 1363 2417; x_wconf 90' lang='lat' dir='ltr'>de</span> <span class='ocrx_word' id='word_1_194' title='bbox 1384 2383 1483 2416; x_wconf 57' lang='lat' dir='ltr'>vetat</span> <span class='ocrx_word' id='word_1_195' title='bbox 1507 2381 1770 2416; x_wconf 78' lang='lat' dir='ltr'>valetudinaire</span> <span class='ocrx_word' id='word_1_196' title='bbox 1793 2379 1842 2413; x_wconf 91' lang='lat' dir='ltr'>du</span> <span class='ocrx_word' id='word_1_197' title='bbox 1864 2379 1935 2413; x_wconf 88' lang='lat' dir='ltr'>duc</span> <span class='ocrx_word' id='word_1_198' title='bbox 1958 2379 2003 2413; x_wconf 89' lang='lat' dir='ltr'>de</span> 
     </span>
     <span class='ocr_line' id='line_1_27' title="bbox 578 2439 2002 2486; baseline -0.004 -8"><span class='ocrx_word' id='word_1_199' title='bbox 578 2443 748 2478; x_wconf 83' lang='lat' dir='ltr'>Bouillon</span> <span class='ocrx_word' id='word_1_200' title='bbox 762 2471 771 2486; x_wconf 87' lang='lat'>,</span> <span class='ocrx_word' id='word_1_201' title='bbox 792 2455 866 2478; x_wconf 85' lang='lat' dir='ltr'>non</span> <span class='ocrx_word' id='word_1_202' title='bbox 885 2456 1018 2478; x_wconf 86' lang='lat' dir='ltr'>encore</span> <span class='ocrx_word' id='word_1_203' title='bbox 1039 2444 1150 2478; x_wconf 83' lang='lat' dir='ltr'>remis</span> <span class='ocrx_word' id='word_1_204' title='bbox 1169 2443 1233 2478; x_wconf 83' lang='lat' dir='ltr'>des</span> <span class='ocrx_word' id='word_1_205' title='bbox 1252 2443 1362 2477; x_wconf 78' lang='lat' dir='ltr'>suites</span> <span class='ocrx_word' id='word_1_206' title='bbox 1387 2442 1433 2476; x_wconf 91' lang='lat' dir='ltr'>de</span> <span class='ocrx_word' id='word_1_207' title='bbox 1455 2454 1490 2476; x_wconf 84' lang='lat' dir='ltr'>sa</span> <span class='ocrx_word' id='word_1_208' title='bbox 1512 2443 1605 2476; x_wconf 81' lang='lat' dir='ltr'>lutte</span> <span class='ocrx_word' id='word_1_209' title='bbox 1625 2453 1707 2475; x_wconf 78' lang='lat' dir='ltr'>avec</span> <span class='ocrx_word' id='word_1_210' title='bbox 1735 2440 1864 2482; x_wconf 73' lang='lat' dir='ltr'>l’ours,</span> <span class='ocrx_word' id='word_1_211' title='bbox 1889 2447 1926 2475; x_wconf 86' lang='lat' dir='ltr'>et</span> <span class='ocrx_word' id='word_1_212' title='bbox 1952 2439 2002 2473; x_wconf 87' lang='lat' dir='ltr'>du</span> 
     </span>
     <span class='ocr_line' id='line_1_28' title="bbox 579 2502 1782 2551; baseline -0.003 -13"><span class='ocrx_word' id='word_1_213' title='bbox 579 2511 698 2538; x_wconf 84' lang='lat' dir='ltr'>comte</span> <span class='ocrx_word' id='word_1_214' title='bbox 718 2503 763 2537; x_wconf 90' lang='lat' dir='ltr'>de</span> <span class='ocrx_word' id='word_1_215' title='bbox 783 2503 970 2538; x_wconf 85' lang='lat' dir='ltr'>Toulouse</span> <span class='ocrx_word' id='word_1_216' title='bbox 983 2532 991 2547; x_wconf 90' lang='lat'>‚</span> <span class='ocrx_word' id='word_1_217' title='bbox 1015 2504 1078 2551; x_wconf 87' lang='lat' dir='ltr'>qui</span> <span class='ocrx_word' id='word_1_218' title='bbox 1100 2511 1194 2538; x_wconf 81' lang='lat' dir='ltr'>resta</span> <span class='ocrx_word' id='word_1_219' title='bbox 1216 2502 1357 2537; x_wconf 79' lang='lat' dir='ltr'>inalade</span> <span class='ocrx_word' id='word_1_220' title='bbox 1374 2502 1546 2550; x_wconf 70' lang='lat' dir='ltr'>jusqu&#39;au</span> <span class='ocrx_word' id='word_1_221' title='bbox 1565 2502 1782 2549; x_wconf 77' lang='lat' dir='ltr'>printemps.</span> 
     </span>
    </p>

    <p class='ocr_par' dir='ltr' id='par_1_4' title="bbox 581 2558 2005 2730">
     <span class='ocr_line' id='line_1_29' title="bbox 626 2558 2003 2608; baseline -0.004 -12"><span class='ocrx_word' id='word_1_222' title='bbox 626 2562 676 2608; x_wconf 79' lang='lat'>(2)</span> <span class='ocrx_word' id='word_1_223' title='bbox 697 2562 748 2596; x_wconf 90' lang='lat' dir='ltr'>Ce</span> <span class='ocrx_word' id='word_1_224' title='bbox 768 2561 914 2596; x_wconf 82' lang='lat' dir='ltr'>combat</span> <span class='ocrx_word' id='word_1_225' title='bbox 931 2569 995 2596; x_wconf 83' lang='lat' dir='ltr'>eut</span> <span class='ocrx_word' id='word_1_226' title='bbox 1013 2561 1087 2596; x_wconf 89' lang='lat' dir='ltr'>lieu</span> <span class='ocrx_word' id='word_1_227' title='bbox 1109 2562 1142 2596; x_wconf 94' lang='lat' dir='ltr'>le</span> <span class='ocrx_word' id='word_1_228' title='bbox 1161 2561 1199 2596; x_wconf 79' lang='lat'>31</span> <span class='ocrx_word' id='word_1_229' title='bbox 1224 2561 1431 2596; x_wconf 74' lang='lat' dir='ltr'>decembre.</span> <span class='ocrx_word' id='word_1_230' title='bbox 1456 2561 1570 2595; x_wconf 60' lang='lat' dir='ltr'>Notie</span> <span class='ocrx_word' id='word_1_231' title='bbox 1590 2566 1722 2594; x_wconf 83' lang='lat' dir='ltr'>auteur</span> <span class='ocrx_word' id='word_1_232' title='bbox 1739 2570 1775 2592; x_wconf 91' lang='lat' dir='ltr'>se</span> <span class='ocrx_word' id='word_1_233' title='bbox 1794 2565 1938 2605; x_wconf 87' lang='lat' dir='ltr'>trompe</span> <span class='ocrx_word' id='word_1_234' title='bbox 1956 2558 2003 2592; x_wconf 88' lang='lat' dir='ltr'>ici</span> 
     </span>
     <span class='ocr_line' id='line_1_30' title="bbox 581 2620 2005 2673; baseline -0.004 -13"><span class='ocrx_word' id='word_1_235' title='bbox 581 2637 644 2660; x_wconf 87' lang='lat' dir='ltr'>sur</span> <span class='ocrx_word' id='word_1_236' title='bbox 671 2624 704 2659; x_wconf 83' lang='lat' dir='ltr'>la</span> <span class='ocrx_word' id='word_1_237' title='bbox 729 2625 979 2659; x_wconf 84' lang='lat' dir='ltr'>circonstance</span> <span class='ocrx_word' id='word_1_238' title='bbox 1006 2626 1070 2673; x_wconf 90' lang='lat' dir='ltr'>qui</span> <span class='ocrx_word' id='word_1_239' title='bbox 1092 2626 1268 2672; x_wconf 74' lang='lat' dir='ltr'>empecha</span> <span class='ocrx_word' id='word_1_240' title='bbox 1293 2623 1482 2660; x_wconf 84' lang='lat' dir='ltr'>Boemond</span> <span class='ocrx_word' id='word_1_241' title='bbox 1505 2630 1542 2658; x_wconf 87' lang='lat' dir='ltr'>et</span> <span class='ocrx_word' id='word_1_242' title='bbox 1568 2622 1602 2657; x_wconf 91' lang='lat' dir='ltr'>le</span> <span class='ocrx_word' id='word_1_243' title='bbox 1627 2629 1746 2657; x_wconf 86' lang='lat' dir='ltr'>comte</span> <span class='ocrx_word' id='word_1_244' title='bbox 1769 2621 1814 2657; x_wconf 87' lang='lat' dir='ltr'>de</span> <span class='ocrx_word' id='word_1_245' title='bbox 1847 2620 2005 2656; x_wconf 88' lang='lat' dir='ltr'>Flandre</span> 
     </span>
     <span class='ocr_line' id='line_1_31' title="bbox 581 2682 2002 2730; baseline -0.003 -11"><span class='ocrx_word' id='word_1_246' title='bbox 581 2685 627 2719; x_wconf 88' lang='lat' dir='ltr'>de</span> <span class='ocrx_word' id='word_1_247' title='bbox 646 2685 832 2720; x_wconf 87' lang='lat' dir='ltr'>recueillir</span> <span class='ocrx_word' id='word_1_248' title='bbox 850 2685 901 2719; x_wconf 91' lang='lat' dir='ltr'>les</span> <span class='ocrx_word' id='word_1_249' title='bbox 927 2686 1036 2720; x_wconf 87' lang='lat' dir='ltr'>fruits</span> <span class='ocrx_word' id='word_1_250' title='bbox 1060 2686 1106 2721; x_wconf 89' lang='lat' dir='ltr'>de</span> <span class='ocrx_word' id='word_1_251' title='bbox 1130 2686 1210 2721; x_wconf 89' lang='lat' dir='ltr'>leur</span> <span class='ocrx_word' id='word_1_252' title='bbox 1233 2686 1397 2721; x_wconf 88' lang='lat' dir='ltr'>victoire.</span> <span class='ocrx_word' id='word_1_253' title='bbox 1427 2685 1479 2721; x_wconf 90' lang='lat' dir='ltr'>Ce</span> <span class='ocrx_word' id='word_1_254' title='bbox 1503 2698 1547 2719; x_wconf 84' lang='lat' dir='ltr'>ne</span> <span class='ocrx_word' id='word_1_255' title='bbox 1571 2684 1627 2718; x_wconf 84' lang='lat' dir='ltr'>fut</span> <span class='ocrx_word' id='word_1_256' title='bbox 1650 2696 1713 2730; x_wconf 80' lang='lat' dir='ltr'>pas</span> <span class='ocrx_word' id='word_1_257' title='bbox 1741 2683 1773 2717; x_wconf 88' lang='lat' dir='ltr'>lc</span> <span class='ocrx_word' id='word_1_258' title='bbox 1802 2690 1918 2729; x_wconf 75' lang='lat' dir='ltr'>temps</span> <span class='ocrx_word' id='word_1_259' title='bbox 1941 2682 2002 2729; x_wconf 84' lang='lat' dir='ltr'>qui</span> 
     </span>
    </p>
   </div>
   <div class='ocr_carea' id='block_1_4' title="bbox 583 2741 2004 2839">
    <p class='ocr_par' dir='ltr' id='par_1_5' title="bbox 583 2741 2004 2839">
     <span class='ocr_line' id='line_1_32' title="bbox 583 2741 2004 2791; baseline -0.002 -14"><span class='ocrx_word' id='word_1_260' title='bbox 583 2745 661 2778; x_wconf 70' lang='lat' dir='ltr'>leur</span> <span class='ocrx_word' id='word_1_261' title='bbox 683 2757 857 2791; x_wconf 67' lang='lat' dir='ltr'>nur-iqua,</span> <span class='ocrx_word' id='word_1_262' title='bbox 879 2746 969 2778; x_wconf 71' lang='lat' dir='ltr'>mais</span> <span class='ocrx_word' id='word_1_263' title='bbox 992 2745 1054 2780; x_wconf 76' lang='lat' dir='ltr'>des</span> <span class='ocrx_word' id='word_1_264' title='bbox 1079 2747 1251 2780; x_wconf 68' lang='lat' dir='ltr'>clicxaux.</span> <span class='ocrx_word' id='word_1_265' title='bbox 1275 2746 1303 2780; x_wconf 94' lang='grc' dir='ltr'>ΙΙ</span> <span class='ocrx_word' id='word_1_266' title='bbox 1324 2760 1342 2790; x_wconf 55' lang='lat' dir='ltr'>y</span> <span class='ocrx_word' id='word_1_267' title='bbox 1366 2758 1408 2779; x_wconf 85' lang='lat' dir='ltr'>cn</span> <span class='ocrx_word' id='word_1_268' title='bbox 1434 2745 1525 2779; x_wconf 77' lang='lat' dir='ltr'>avait</span> <span class='ocrx_word' id='word_1_269' title='bbox 1551 2746 1568 2778; x_wconf 69' lang='grc' dir='ltr'>ἐι</span> <span class='ocrx_word' id='word_1_270' title='bbox 1595 2744 1701 2788; x_wconf 74' lang='lat' dir='ltr'>peine</span> <span class='ocrx_word' id='word_1_271' title='bbox 1726 2755 1773 2776; x_wconf 81' lang='lat' dir='ltr'>un</span> <span class='ocrx_word' id='word_1_272' title='bbox 1802 2741 1934 2776; x_wconf 68' lang='lat' dir='ltr'>millies</span> <span class='ocrx_word' id='word_1_273' title='bbox 1959 2753 2004 2775; x_wconf 85' lang='lat' dir='ltr'>cn</span> 
     </span>
     <span class='ocr_line' id='line_1_33' title="bbox 585 2804 1144 2839; baseline 0 -2"><span class='ocrx_word' id='word_1_274' title='bbox 585 2804 656 2838; x_wconf 76' lang='lat' dir='ltr'>bon</span> <span class='ocrx_word' id='word_1_275' title='bbox 676 2806 748 2837; x_wconf 71' lang='lat' dir='ltr'>ctat</span> <span class='ocrx_word' id='word_1_276' title='bbox 768 2804 857 2837; x_wconf 74' lang='lat' dir='ltr'>dans</span> <span class='ocrx_word' id='word_1_277' title='bbox 877 2811 978 2838; x_wconf 62' lang='lat' dir='ltr'>voute</span> <span class='ocrx_word' id='word_1_278' title='bbox 998 2804 1144 2839; x_wconf 55' lang='lat' dir='ltr'>Panum»</span> 
     </span>
    </p>
   </div>
  </div>
 </body>
</html>
