2085 3455
590 309 665 345 218
957 307 1200 345 HISTORIA
1231 304 1634 344 ECCLESIASTICA.
1734 310 1853 356 [cmm
1877 310 1994 359 1090]

653 395 875 440 Praesatus
890 393 1146 451 Johannes,
1170 393 1385 440 Barensis
1401 391 1774 450 archidiaconus,
1797 411 1853 439 ex
1870 396 1995 459 cujus

591 470 716 516 libro
749 469 957 517 breviter
997 469 1086 517 hoc
1123 470 1362 532 excerpsi,
1402 486 1469 515 XII
1509 469 1736 532 praeclara
1773 471 1995 517 miracula

591 547 766 610 scripto
790 548 1007 612 signavit.
1040 546 1128 592 Sed
1155 564 1240 593 nec
1272 547 1391 609 ipse,
1421 562 1508 592 nec
1538 546 1654 592 alius
1682 563 1846 592 omnes
1873 549 1998 593 sani-

593 636 706 671 tates
739 637 785 671 et
816 626 902 671 alia
939 624 1140 671 subsidia
1177 625 1372 688 posteris
1408 623 1650 671 notificare
1681 625 1858 687 potuit,
1894 643 1998 689 quae

590 702 712 748 Deus
745 703 1076 765 om11ip0tenS‚
1114 718 1203 764 pro
1236 701 1416 747 meritis
1452 701 1726 748 sanctissimi
1765 701 2000 763 pontilicis

593 779 805 835 Nicolai,
845 779 988 824 servis
1023 779 1115 823 suis
1151 777 1353 824 fideliter
1384 778 1651 841 petentibus
1684 794 1829 841 usque
1864 777 2002 824 hodie

593 855 868 901 clementias
888 853 1118 900 exhihuit.
1141 854 1354 918 Denique
1374 855 1678 917 permittente
1697 854 1822 911 Deo,
1848 854 2003 917 plures

593 933 796 978 ecclesiae
821 930 879 977 de
903 932 1072 977 sanctis
1098 931 1309 995 reliquiis
1334 932 1515 994 praefati
1540 931 1753 994 praesulis
1781 929 2004 977 obtinue-

594 1021 722 1055 runt.
746 1010 810 1055 Et
829 1027 925 1056 non
945 1009 1098 1055 solum
1118 1009 1219 1054 Itali
1244 1020 1290 1054 et
1307 1009 1507 1072 Pelasgi,
1535 1008 1612 1054 secl
1631 1020 1677 1054 et
1696 1009 1798 1054 aliae
1817 1020 2002 1073 gentes,

594 1087 762 1132 sanctis
802 1085 1083 1150 pignoribus
1130 1085 1324 1143 habitis,
1366 1087 1464 1132 Deo
1510 1087 1681 1150 gratias
1726 1087 2002 1132 concinunt.

594 1164 962 1227 Christophorus
988 1165 1140 1221 enim,
1175 1163 1367 1228 quidam
1401 1164 1564 1220 miles,
1597 1165 1677 1228 qui
1712 1164 2005 1210 translationi

596 1241 766 1288 nobilis
795 1242 978 1288 Nicolai
1004 1242 1242 1299 interfuit,
1271 1260 1413 1287 unam
1443 1253 1619 1288 costam
1648 1243 1694 1287 in
1723 1242 1902 1288 manica
1929 1259 2006 1287 sua

593 1319 679 1365 sibi
701 1320 918 1378 retinuit,
942 1336 1027 1365 nec
1048 1319 1199 1365 multo
1220 1330 1325 1381 post
1344 1318 1624 1375 infirmatus,
1649 1318 1705 1364 ad
1723 1318 2009 1364 venusiense
2069 1306 2081 1362 s

596 1397 872 1444 coenobium
910 1397 1121 1461 confugit
1155 1398 1251 1460 (ι),
1294 1397 1627 1442 monachatum
1660 1415 1682 1442 a
1722 1397 2008 1460 Berengario

595 1475 960 1523 archimandrita
1012 1475 1258 1539 requisivit
1308 1486 1354 1520 ct
1408 1466 1706 1538 impe—travit,
1759 1491 2007 1538 secumque

595 1565 771 1600 costam
789 1554 934 1599 sancti
957 1553 1138 1599 Nicolai
1161 1553 1343 1598 Sanctae
1366 1553 1589 1598 Trinitati
1612 1553 1937 1616 praesentavit,
1964 1562 2010 1597 ct

595 1631 651 1677 (le
676 1630 847 1677 morbo
871 1631 1129 1677 convaluit.

661 1709 791 1754 XIII.
824 1707 1009 1754 Eodem
1033 1719 1244 1771 tempore
1269 1707 1556 1771 Stephanus,
1582 1719 1749 1754 cantor
1769 1706 2006 1759 coenobii,

597 1787 724 1852 quod
743 1787 888 1833 Fulco
908 1787 1083 1840 senior,
1105 1802 1276 1841 comes,
1298 1785 1421 1849 apud
1442 1785 1748 1848 Andegavam
1773 1781 1941 1830 urbem
1962 1785 2007 1829 in

598 1865 780 1911 honore
810 1865 955 1910 saneti
990 1863 1169 1910 Nicolai
1206 1874 1534 1910 construxerat
1562 1865 1652 1926 (2),
1683 1863 1902 1926 Apuliam
1935 1861 2012 1907 ab·

600 1944 674 1999 iit,
703 1954 750 1989 et
773 1960 857 2006 per
884 1942 1124 1989 licentiam
1150 1941 1313 1988 domni
1342 1943 1518 1988 Natalis
1542 1941 1722 1987 abbatis
1747 1941 1815 1987 sui
1840 1958 2008 1987 mona-

598 2022 718 2068 chile
746 2020 928 2068 schema
958 2038 1015 2067 ey„
1047 2020 1274 2066 industria
1303 2020 1504 2076 dimisit,
1534 2019 1704 2066 deinde
1733 2031 1786 2065 nt
1817 2019 2012 2065 clericus

597 2101 702 2146 Bari
740 2100 990 2155 habitavit,
1028 2117 1342 2163 magnamque
1377 2098 1768 2153 familiaritatem,
1801 2115 1854 2143 ac
1881 2107 2013 2160 post-

598 2177 792 2224 modum
817 2189 1097 2241 potestatem
1123 2178 1248 2223 inter
1270 2177 1468 2223 {edituos
1492 2177 1695 2223 basilicae
1721 2176 1868 2221 sancti
1893 2192 2010 2238 pon—

601 2256 734 2302 tificis
753 2256 978 2302 obtinuit.
1002 2255 1212 2301 Tandem
1234 2267 1479 2318 conspecta
1498 2255 1741 2309 facultate,
1767 2251 2009 2299 brachium

599 2333 744 2379 sancti
771 2332 949 2378 Nicolai
968 2369 979 2388 ,
1006 2331 1133 2396 quod
1158 2344 1264 2396 apte
1288 2344 1486 2397 argento
1511 2342 1687 2378 tectum
1714 2341 1837 2386 erat,
1870 2340 1917 2375 et
1940 2346 2014 2375 ex-

603 2422 670 2455 tra
691 2410 982 2456 mausoleum
1003 2410 1059 2455 ad
1079 2409 1358 2473 signandum
1381 2410 1611 2474 populum
1632 2408 1906 2455 servabatur
1923 2407 2010 2469 (3),

648 2610 698 2654 (1)
718 2609 839 2654 Voyez
860 2608 1057 2649 ci-‹lessus‚
1082 2615 1107 2642 t.
1132 2609 1185 2651 ΙΙ,
1209 2622 1243 2656 p.
1267 2621 1324 2655 90.

647 2671 697 2715 (2)
715 2670 818 2703 Cette
838 2668 973 2714 abbaye
991 2670 1083 2703 avait
1102 2671 1158 2703 cte
1176 2668 1307 2703 sondee
1327 2679 1390 2714 par
1409 2665 1574 2713 Foulque
1590 2665 1706 2700 Nerra
1726 2676 1770 2697 cn
1795 2675 1891 2698 1020.

649 2729 697 2775 (5)
716 2730 865 2777 L'usage
882 2729 927 2764 de
944 2729 1117 2763 (letacher
1137 2730 1227 2764 ainsi
1246 2729 1297 2762 du
1312 2727 1488 2775 squelette
1503 2726 1591 2760 d’uu
1610 2726 1722 2767 saint,
1740 2736 1804 2759 son
1822 2724 1904 2758 bras
1922 2734 2014 2769 pour

604 2791 635 2825 le
659 2789 779 2837 placei·
812 2789 900 2823 dans
930 2802 978 2824 un
1007 2789 1201 2836 reliquairc
1222 2787 1446 2835 particuliei‘,
1468 2800 1485 2820 a
1508 2786 1621 2820 existe
1649 2784 1902 2831 pareillement
1927 2781 2014 2816 dans

608 2857 709 2885 notre
739 2850 932 2896 provinccg
963 2849 993 2882 le
1020 2849 1101 2882 liras
1131 2848 1174 2882 (le
1197 2849 1287 2883 saint
1314 2847 1454 2882 Aubert
1485 2860 1528 2880 an
1556 2842 1943 2880 Mont-Saint-Miclwl
1974 2855 2015 2874 in·
