2033 3445
524 300 679 339 LIBER
705 298 950 337 OCTAVUS.
1360 301 1438 340 433

43 387 165 437 radae
182 386 388 442 Grossae‚
412 385 618 433 dominae
637 403 757 442 suae,
778 402 908 450 quae,
932 385 979 430 in
1004 385 1076 430 via
1100 385 1184 431 Dei
1211 386 1434 443 moriens,

42 465 307 513 thesaurum
328 464 366 510 ei
389 481 523 509 suum
544 462 970 516 commendaverat,
991 462 1184 524 largiter
1200 461 1438 519 distraxit,

26 541 225 598 1etinde,
250 542 452 588 aliorum
475 558 663 605 quoque
681 540 888 586 fidelium
913 539 1126 585 subsidiis
1149 539 1354 603 adjutus,
1375 541 1443 586 in-

43 622 171 685 signe
202 636 317 682 opus
353 619 579 682 perlicere
617 618 799 681 sategit.
840 617 1045 681 Helgoto
1081 626 1238 663 autem
1276 617 1444 663 abbate

43 704 131 744 x11⁰
150 694 366 742 kalendas
388 693 650 741 decembris
673 693 917 750 defuncto,
937 704 984 739 et
1000 703 1108 739 ante
1131 693 1276 739 altare
1299 694 1444 739 sancti

44 771 261 836 Stephani
284 772 644 835 protomartyris
663 770 847 834 sepulto
861 806 874 826 ‚
900 768 1027 834 quod
1048 770 1096 816 in
1115 769 1371 824 vestibulo,
1398 772 1447 816 in

44 848 295 914 aquilonali
315 849 447 913 plaga
465 859 549 904 est,
564 847 844 894 Guillelmus
863 847 1123 894 Balotensis
1142 848 1229 910 (ι),
1242 846 1449 911 ejusdem

6 946 23 958 -·
45 926 245 974 ecclesiae
265 943 289 971 a
309 925 508 988 pueritia
530 924 812 982 monachus,
840 925 888 970 in
913 923 1082 971 ordine
1101 925 1343 988 regiminis
1364 941 1450 988 per

45 1020 188 1051 anuos
210 1004 305 1049 sere
329 1020 411 1049 xlv
433 1002 702 1048 subsecutus
726 1012 810 1048 est.
834 1002 982 1064 Ipsius
1002 1001 1191 1066 quidem
1214 1012 1446 1065 tempore,

45 1077 230 1125 basilica
256 1080 421 1143 ingens
447 1079 563 1126 olim
588 1096 610 1123 a
638 1078 834 1124 Nicolao
853 1088 1033 1140 coepta,
1062 1078 1140 1122 vix
1163 1077 1211 1122 in
1240 1077 1374 1123 annis
1394 1095 1451 1123 Lx

47 1166 362 1203 consummata
403 1166 494 1210 est,
534 1165 580 1201 et
617 1173 640 1200 a
674 1154 918 1201 Goissredo
952 1153 1305 1217 archiepiscopo
1345 1171 1451 1200 cum

44 1233 143 1279 'aliis
164 1232 378 1296 pluribus
390 1232 599 1296 praelatis
614 1242 660 1278 et
675 1230 872 1277 subditis
885 1239 933 1277 x⁰
947 1241 1014 1279 v1⁰
1026 1230 1247 1277 kalendas
1260 1247 1452 1278 novem-

48 1309 142 1356 bris
164 1308 373 1356 dedicata
396 1320 465 1356 est
489 1310 578 1372 (2).

108 1385 288 1433 Eodem
315 1404 441 1433 anno
466 1388 507 1449 (ι
529 1387 641 1450 126)
664 1386 943 1433 Guillelmus
967 1385 1107 1432 abbas
1130 1385 1267 1443 obiit,
1297 1397 1344 1433 et
1368 1386 1456 1431 Ra-

0 1525 1 1530 *
49 1463 325 1529 gemsredus,
342 1463 547 1528 ejusdem
564 1463 821 1510 monachus
842 1463 1064 1519 ecclesiae,
1077 1463 1287 1526 regimen
1303 1478 1456 1508 susce-

0 1545 1 1572 ἲ
47 1542 141 1605 pit;
167 1543 294 1605 cujus
316 1552 530 1604 tempore
554 1542 804 1587 claustrum
820 1576 831 1595 ‚
859 1557 966 1585 cum
987 1539 1087 1584 aliis
1109 1537 1455 1585 monachorum

49 1619 239 1665 officinis
267 1628 669 1674 consummatum,
697 1616 959 1680 specialiter
987 1615 1178 1661 emicuit
1205 1616 1294 1678 (5).
1321 1616 1456 1661 Tunc

46 1693 324 1751 'Fulbertus,
360 1694 714 1741 archidiaconus
743 1704 789 1740 et
832 1693 1031 1739 decanus
1069 1693 1452 1756 Rotomagensis,

50 1772 319 1836 aegrotavit,
340 1782 388 1818 et
409 1771 676 1818 monachile
697 1770 879 1816 schema
903 1769 1097 1816 devotus
1116 1771 1333 1832 suscepit.
1355 1771 1455 1816 De-

50 1849 231 1896 functus
247 1860 421 1906 autem,
446 1849 493 1894 in
510 1849 716 1894 claustro
729 1847 885 1892 Sancti
910 1845 1125 1892 Audoeni
1145 1856 1252 1892 ante
1271 1847 1456 1909 capitu-

51 1925 148 1972 lum
163 1925 417 1971 tumulatus
430 1935 514 1980 est,
530 1934 575 1970 et
590 1923 696 1970 albo
713 1922 865 1985 lapide
880 1922 1356 1985 decentercoopertus
1367 1933 1453 1969 est.

51 2001 232 2048 Titulus
251 2018 381 2059 vero,
402 2001 550 2065 qualis
564 2001 721 2057 suerit,
743 2000 838 2046 illic
855 2001 915 2045 ita
932 1999 1206 2062 insculptus,
1222 1999 1450 2045 ostendit:

188 2112 318 2148 Gloria
336 2110 568 2157 metropolis,
591 2110 676 2144 cleri
693 2109 803 2144 decus
819 2116 855 2143 et
871 2108 1038 2143 diadema

187 2171 308 2206 Morte
324 2178 404 2212 tua,
424 2170 615 2211 Fulberte‚
635 2169 730 2211 ruit;
749 2169 825 2203 ruit
841 2168 902 2202 illa
918 2167 1099 2214 profunda

190 2231 316 2265 Fontis
334 2229 539 2265 inexhausti
556 2229 748 2276 sapientia,
769 2227 892 2274 lingua
908 2227 1057 2262 diserta.

190 2288 496 2335 Metropolitanus
518 2288 587 2321 suit
605 2286 883 2321 archidiaconus
903 2285 988 2327 iste,

191 2347 397 2382 Canonicus
416 2347 593 2393 primum,
614 2352 799 2392 postremo
817 2343 1039 2379 coenobialis.

191 2407 331 2451 Quarta
349 2405 425 2441 dies
443 2413 519 2440 erat
537 2412 620 2439 ante
640 2404 738 2438 (licm
757 2415 831 2450 quo
849 2402 978 2436 claruit
994 2401 1074 2436 orbi

102 2549 379 2596 (1)Guillanme
399 2550 503 2585 Balot
523 2552 575 2595 (11
588 2560 666 2584 12-1
679 2549 771 2593 126).

104 2607 153 2653 (2)
174 2609 220 2642 La
240 2608 409 2644 dedicace
428 2609 472 2643 de
489 2609 522 2643 la
542 2607 705 2643 nouvelle
723 2606 833 2653 eglise
852 2612 915 2640 cut
932 2605 1052 2640 licu'le
1075 2615 1114 2653 17
1132 2605 1280 2640 octobre
1299 2604 1344 2639 de
1363 2612 1456 2640 cette

60 2665 176 2701 meme
205 2669 338 2712 annee,
365 2680 504 2703 comme
527 2679 617 2702 nous
640 2667 675 2701 le
701 2677 848 2701 veri-ons
875 2665 1037 2712 exprime
1063 2663 1142 2711 plus
1166 2664 1376 2699 clairement
1404 2665 1456 2697 ci-

61 2723 221 2770 dessous,
241 2727 329 2763 livre
346 2740 405 2762 xix.

46 2808 49 2811 -
107 2783 156 2832 (3)
176 2787 366 2834 Raginsroi
386 2787 600 2834 (1126-1141
624 2800 668 2821 on
693 2786 814 2832 1142).

157 2862 228 2891 ιιι.
1208 2843 1265 2888 28
