2033 3445
52 278 186 331 [1094]
546 277 699 316 LIBER
727 276 972 315 OCTAVUS.
1378 278 1455 317 417

117 366 231 410 Pace
256 363 373 409 sacta
403 364 526 408 inter
549 378 781 426 pugnaces
809 361 1125 418 adversarios,
1152 362 1314 408 multis
1339 381 1457 427 gau-

54 440 293 497 dentibus,
320 440 443 486 solus
467 439 735 486 Rodbertus
759 438 1064 485 Belesmensis
1092 437 1347 485 admodum
1369 441 1459 486 *suit

55 523 220 576 iratus,
245 518 352 582 quia
391 518 487 581 ipse
522 516 580 563 ad
612 517 863 564 consilium
897 516 1048 580 paci5‚
1086 532 1144 562 ne
1179 516 1454 579 impediret,

53 614 147 645 non
184 596 335 641 'fuerat
374 595 622 650 invitatus,
662 593 743 658 qui
782 594 1048 657 praecipuus
1084 592 1368 657 praesederat
1403 594 1459 640 ad

52 674 241 721 bellicos
268 683 540 736 apparatus,
570 682 623 717 ut
647 682 784 718 atrox
814 683 860 718 et
885 682 1137 735 protervus
1164 670 1309 718 hostis
1340 689 1458 718 con-

52 750 325 798 funderetur
343 760 604 814 superatus.
632 748 863 796 Rodherti
893 749 1021 795 enim
1044 749 1240 814 argutiae
1261 759 1308 795 et
1337 749 1461 795 vires

52 825 356 875 formidandae
391 843 533 889 super
565 842 729 873 omnes
754 825 870 872 alios
900 826 1279 888 praevaluerunt,
1310 837 1356 872 et
1384 826 1461 871 in·-

53 905 227 968 signem
257 919 393 949 sensu
424 902 687 967 militiaque
715 901 994 966 praedonem
1021 901 1248 948 mirandis
1276 901 1463 948 machi-

53 980 317 1028 nationibus
337 990 638 1037 terruerunt,
662 997 803 1044 quem
829 990 962 1024 antea
990 995 1123 1043 reges
1142 990 1189 1025 et
1211 978 1374 1037 duces,
1411 981 1458 1025 in

52 1059 172 1122 asylo
194 1076 277 1105 suo
303 1057 569 1116 ludentem,
601 1068 647 1104 et
672 1058 888 1103 inimicos
912 1056 1075 1102 multis
1097 1057 1315 1102 versutiis
1344 1055 1461 1102 sub-

50 1146 337 1192 sannantem,
355 1153 379 1180 a
398 1134 637 1181 cachinnis
657 1133 879 1180 cohibere
895 1134 1229 1198 nequiverunt.
1247 1134 1462 1197 Denique

50 1213 264 1278 praefatus
288 1213 451 1270 miles,
478 1222 532 1257 ut
556 1210 862 1259 concordiam
887 1212 1011 1257 inter
1034 1210 1271 1258 discordes
1292 1211 1462 1257 factam.

51 1291 292 1353 cognovit,
327 1306 501 1336 cuneos
529 1305 634 1335 suos
669 1289 889 1352 protinus
916 1289 1220 1344 convocavit,
1249 1288 1464 1352 nullique

51 1366 258 1414 fraudem
277 1368 346 1413 sui
373 1366 527 1414 cordis
556 1366 804 1430 detegens,
838 1367 1113 1412 festinanter
1140 1367 1393 1424 remeavit,
1417 1377 1464 1412 et

53 1443 108 1491 ad
125 1445 347 1491 Sanctum
367 1444 646 1490 Cerenicum
668 1444 739 1505 (1)
769 1457 909 1506 super
935 1442 1233 1489 Rodbertum
1260 1443 1464 1489 Geroia-

54 1539 165 1569 num
182 1539 239 1569 ex
261 1523 516 1586 improviso
534 1521 821 1568 convolavit.
846 1521 1111 1583 Municipes
1131 1531 1306 1576 autem,
1329 1519 1464 1567 Rod-

54 1599 238 1647 hertum
272 1601 321 1646 in
354 1599 652 1663 expeditione
688 1598 897 1662 generali
929 1616 1035 1644 cum
1062 1597 1180 1645 duce
1214 1609 1458 1662 putantes,

54 1679 286 1735 exierant,
326 1689 372 1724 et
402 1678 599 1741 sparsim
633 1693 720 1740 per
754 1693 892 1739 agros
918 1677 1067 1722 securi
1094 1693 1183 1740 pro
1214 1676 1355 1722 libitu
1378 1694 1462 1723 suo

52 1755 391 1802 discurrebant.
418 1756 631 1818 Cumque
651 1756 778 1800 vafer
800 1753 1046 1800 insidiator
1070 1772 1177 1800 cum
1203 1755 1348 1817 copiis
1371 1754 1463 1800 suis

0 1874 1 1879 ,
53 1843 241 1896 repente
272 1833 498 1888 irrueret,
530 1842 576 1877 et
602 1829 831 1894 oppidum
858 1830 1066 1894 ingredi,
1095 1831 1464 1895 castellanosque

52 1909 134 1956 sibi
173 1910 333 1956 subire
368 1920 629 1973 satageret,
668 1908 930 1955 Geroianus
966 1919 1086 1955 nutu
1119 1910 1203 1955 Dei
1242 1908 1463 1955 hostilem.

53 1989 275 2052 impetum
299 1988 557 2052 praevenit,
585 1998 632 2033 et
652 1988 972 2034 munitionem
997 2006 1103 2034 cum
1130 1988 1221 2033 suis
1245 1987 1463 2034 celeriter

0 2069 3 2074 ’
56 2064 244 2111 intravit
258 2102 270 2123 ‚
295 2077 341 2111 et
358 2065 689 2123 Belesmensis,
716 2064 845 2129 quod
865 2065 986 2110 velle
1004 2083 1139 2110 suum
1158 2064 1214 2110 de
1235 2063 1463 2128 capiendo

55 2153 201 2190 castro
225 2144 503 2189 frustratum
533 2153 623 2200 est,
654 2141 822 2189 doluit.
854 2141 1034 2188 Deinde
1063 2142 1119 2188 ad
1151 2141 1463 2206 praedandum

56 2235 146 2265 sese
183 2219 448 2277 convertit,
491 2236 642 2264 unum
681 2219 881 2264 militem
922 2217 1124 2276 occidit,
1166 2229 1213 2264 et
1257 2217 1462 2281 plurima

55 2294 219 2342 damna
242 2297 367 2343 secit.
396 2296 471 2343 Sic
498 2296 709 2360 nequitia
735 2297 830 2360 ejus
861 2307 907 2343 et
937 2297 1062 2342 fraus
1093 2295 1271 2343 detecta
1300 2306 1391 2353 est,
1418 2306 1464 2341 et

57 2372 219 2420 exinde
235 2374 477 2420 manifesta
497 2391 666 2437 guerra
692 2373 908 2420 inchoata
922 2385 1006 2420 est.
1024 2373 1286 2422 Geroianus
1307 2385 1464 2419 autem

57 2446 348 2496 Goissredum
371 2449 428 2496 de
461 2449 676 2496 Madenia
712 2451 809 2513 (2),
850 2461 895 2496 et
929 2449 1237 2496 Guillelmum
1275 2449 1332 2496 de
1365 2450 1463 2495 Sil-

57 2524 145 2573 leio
162 2528 231 2590 (ὅ)
247 2564 257 2583 ,
281 2528 488 2592 aliosque
504 2528 736 2591 plurimos
759 2528 1058 2575 auxiliatores
1077 2528 1242 2575 habuit
1257 2566 1268 2586 ‚
1293 2539 1463 2574 totam-

104 2660 153 2704 (1)
173 2659 648 2696 Saint-Cessncri-sm--Sarie,

101 2718 150 2763 (2)
165 2718 325 2753 Geoll'mi
345 2719 389 2753 do
409 2721 596 2767 Mayennc.

107 2775 154 2823 (5)
176 2777 559 2821 Sille-lv-(luillaume,
580 2781 595 2812 Ξι
613 2779 772 2813 distant-v
789 2779 887 2824 &galo
903 2779 1100 2820 ‹l'Alent-on
1120 2781 1137 2812 32
1156 2779 1352 2819 Mavemw,
1373 2778 1464 2810 :nvait

157 2853 222 2881 Ill.
1211 2857 1264 2899 27
