2033 3445
107 348 421 394 [xv0-xxiv0mL.
441 347 559 395 1099]
621 345 774 384 LIBER
803 345 981 385 NONUS.
1418 352 1494 388 611

103 432 361 498 subjugatae
401 432 533 479 urbis
563 432 906 496 spoliaverunt,
941 433 1013 479 vel
1050 446 1399 493 cremaverunt3
1425 436 1502 483 sed

105 511 224 556 sicut
251 509 415 556 domos
445 509 665 556 omnibus
694 508 832 556 bonis
862 509 1054 555 refertas
1087 512 1395 570 invenerunt,
1432 530 1505 560 eas

106 586 199 632 suis
232 585 580 633 necessitatibus
611 586 858 649 peculiatas
889 599 1268 644 reservaverunt,
1296 600 1342 635 et
1368 591 1507 636 multi

107 662 350 726 dapsiliter
389 663 578 709 inventa
623 662 982 725 pauperioribus
1022 665 1505 713 communicaverunt.

107 736 439 803 Unusquisque
478 737 673 785 domum
715 738 1134 803 qualemcumque,
1176 757 1393 804 magnam
1434 760 1512 788 seu

109 833 326 878 parvam,
347 833 488 879 quam
508 815 728 877 primitus
747 814 937 873 invasit,
960 834 1012 862 ac
1031 816 1229 863 ethnicis
1247 819 1510 876 evacuavit,

107 892 265 955 quiete
281 890 386 947 sibi,
406 908 513 937 cum
530 891 750 937 omnibus
766 893 903 956 gaziS‚
923 910 1028 956 quae
1050 893 1174 939 intus
1191 904 1344 951 erant,
1365 894 1514 941 libere

110 966 337 1030 possedit,
364 977 410 1013 et
431 984 576 1031 usque
599 966 738 1014 hodie
762 967 1047 1015 hereditario
1066 970 1171 1033 jure
1195 970 1414 1017 custodit.

175 1043 446 1103 Christiani,
464 1044 644 1109 jamdiu
663 1044 924 1093 desiderato
948 1047 1084 1109 potiti
1111 1047 1379 1111 triumpho,
1411 1066 1515 1094 ma-

109 1121 247 1168 nibus
272 1140 296 1168 a
320 1121 446 1169 caede
468 1121 666 1178 ablutis,
698 1123 835 1168 multi
855 1123 1050 1187 pedibus
1069 1123 1368 1181 discalciatis,
1400 1143 1516 1188 gau—

109 1198 271 1246 dentes
308 1210 355 1246 et
391 1217 490 1263 prae
523 1199 692 1264 gaudio
722 1200 986 1263 plorantes,
1022 1200 1078 1246 ad
1113 1212 1326 1248 sanctum
1359 1202 1515 1248 Sancti

109 1275 363 1321 Salvatoris
388 1276 656 1340 sepulcrum
680 1275 1042 1322 deosculandum
1058 1312 1068 1330 ‚
1096 1277 1370 1323 catervatim
1401 1295 1514 1340 pro-

111 1363 424 1413 peraverunt‚
463 1351 622 1416 ibique
659 1352 1002 1414 gratulabunda
1035 1352 1228 1399 donaria
1263 1363 1309 1399 et
1345 1353 1516 1399 hostias

112 1427 323 1490 pacificas
341 1428 636 1475 obtulerunt.
657 1429 791 1475 Tunc
809 1430 973 1493 ingens
991 1428 1204 1476 fidelibus
1222 1430 1383 1476 laetitia
1403 1431 1510 1485 suit,

113 1503 193 1550 ubi
213 1521 377 1551 omnes
396 1504 550 1568 adepti
569 1516 678 1550 sunt
695 1505 822 1570 quod
840 1505 922 1552 diu
941 1517 1321 1569 expectaverant,
1344 1518 1391 1553 et
1409 1524 1515 1553 cum

111 1581 272 1627 multis
301 1581 541 1627 laboribus
564 1583 876 1646 periculisque
903 1584 1241 1646 expetiverant.
1272 1583 1342 1629 Ibi
1372 1584 1516 1631 finem

110 1658 286 1705 laboris
324 1659 391 1704 sui
435 1659 607 1705 alacres
646 1659 896 1713 videbant,
933 1661 1125 1725 jamque
1162 1662 1418 1708 securiores
1459 1681 1515 1709 ex

110 1734 434 1800 praesentibus,
446 1735 680 1782 defuturis
695 1736 833 1783 bonis
845 1736 932 1782 sibi
948 1738 1516 1785 retributionesaffuturas

111 1812 508 1877 imaginabantur.
552 1814 619 1859 De
660 1813 906 1860 efferendis
946 1825 1102 1860 autem
1139 1827 1516 1877 procuraverunt

110 1889 434 1953 cadaveribus,
467 1891 693 1953 quoniam
728 1890 901 1937 horror·
934 1891 1266 1946 invalescebat,
1296 1903 1342 1937 et
1368 1893 1514 1938 soetor

112 1967 490 2013 immanissimus.
542 1968 583 2013 A
620 1968 813 2032 captivis
855 1969 1109 2032 gentilibus
1154 1980 1200 2014 et
1239 1969 1514 2015 Christianis

110 2043 394 2108 pauperibus
407 2080 419 2100 ‚
444 2044 555 2091 dato
575 2046 752 2109 pretio,
777 2045 1040 2092 occisorum
1059 2062 1258 2108 corpora
1276 2062 1360 2108 per
1378 2063 1513 2108 pyras

111 2132 380 2168 coacervata
406 2133 536 2176 sunt;
559 2123 731 2187 quibus
754 2123 1025 2179 combustis,
1054 2124 1202 2169 nostri
1226 2123 1285 2169 ab
1306 2124 1514 2170 immun-

111 2198 237 2245 ditiis
260 2198 425 2245 urbem
454 2199 847 2246 emundaverunt.

176 2276 309 2324 XVI.
347 2276 526 2324 Fideles
560 2277 734 2324 Christi
758 2278 930 2324 milites
961 2278 1008 2323 in
1037 2278 1224 2324 civitate
1256 2278 1514 2324 Jerusalem

113 2353 263 2399 securi
297 2352 545 2411 sederunt,
586 2353 841 2418 condignas
879 2354 978 2400 Deo
1013 2353 1183 2416 gratias
1219 2353 1511 2409 retulerunt,

115 2431 242 2494 cujus
273 2447 363 2494 ope
391 2431 593 2495 gratuita
619 2431 676 2478 de
700 2431 897 2477 ethnicis
926 2431 1173 2477 victoriam
1202 2430 1356 2494 adepti
1388 2442 1512 2476 sunt.

117 2506 377 2571 Dignitates
415 2508 553 2554 etiam
596 2526 697 2554 suas
734 2508 937 2554 ecclesiis
976 2507 1312 2564 restituerunt,
1355 2524 1519 2572 easque

122 2583 326 2648 singulas
355 2584 412 2631 ad
439 2601 557 2649 opus
581 2586 809 2632 orationis
829 2595 1124 2648 aptaverunt.
1151 2584 1321 2644 Quinta
1343 2584 1520 2630 decima

121 2661 196 2708 die
204 2662 330 2726 julii,
346 2671 413 2709 via
429 2663 562 2721 feria,
582 2662 902 2710 celebritatem
918 2662 1238 2718 instituerunt,
1257 2679 1345 2726 qua
1366 2662 1521 2708 civita-

127 2750 219 2785 tem
243 2752 658 2803 recuperaverunt.
686 2741 753 2786 De
774 2738 1100 2787 constituendo
1118 2741 1257 2786 etiam
1276 2739 1339 2785 ibi
1362 2755 1521 2802 regem
