2085 3455
509 281 589 318 572
812 294 814 296 ’
882 280 1128 319 HISTORIA
1158 279 1562 319 ECCLESIASTICA.
1664 285 1785 332 [sumo
1805 285 1926 334 1098]

513 365 765 428 diligenter
797 368 1096 415 (estimanda
1129 379 1238 414 sunt
1249 405 1263 426 ,
1299 379 1343 413 et
1370 368 1598 415 modeste.
1635 369 1813 427 Terra,
1842 388 1934 436 per

513 460 658 506 quam.
689 446 801 490 ituri
819 464 1007 505 sumus,
1036 448 1270 511 inaquosa
1289 457 1372 492 est.
1399 446 1571 493 AEstas
1596 446 1720 492 ultra
1739 447 1934 492 modum

513 521 695 568 torrida
719 535 803 569 est.
833 525 974 570 Aeris
998 524 1353 570 inclementiam
1374 524 1444 570 ad
1457 528 1674 589 praesens
1679 523 1820 587 ferre
1839 541 1935 571 non

510 616 784 661 possumus.
819 602 992 666 Longa
1028 601 1275 648 obsidione
1299 613 1343 647 et
1379 603 1642 667 sumptibus
1678 613 1723 649 et
1750 602 1936 649 viribus

513 677 740 724 exhausti
776 697 957 726 sumus.
999 680 1235 726 Sileamus
1271 697 1384 743 ergo
1431 691 1475 726 et
1515 683 1846 745 quiescamus,
1893 691 1937 726 et

514 755 789 803 vulneratos
819 768 863 803 et
895 758 1109 822 infirmos
1139 775 1441 823 reparemus,
1470 770 1513 805 et
1535 759 1721 805 interim
1742 775 1936 823 paupe-

515 849 619 878 rum
644 845 916 880 nostrorum
937 836 1266 881 misereamur.
1297 836 1516 882 Humida
1534 836 1626 883 sols
1636 837 1744 882 titia
1763 852 1937 901 expec-

515 920 691 966 temus,
721 910 900 956 Cancri
925 923 967 956 et
1002 912 1172 957 Leonis
1208 913 1401 959 nocivos
1435 930 1686 959 successus
1720 912 1934 958 decline-

515 1003 635 1033 mus.
686 982 746 1033 In
800 990 1038 1035 novembri
1088 1001 1272 1054 tempus
1318 987 1695 1053 refrigerabitur,
1739 1002 1782 1036 et
1821 1000 1937 1037 tunc

517 1067 802 1128 congregati
823 1068 1136 1125 unanimiter,
1158 1067 1432 1114 condictum
1457 1069 1548 1113 iter
1569 1068 1933 1132 aggrediamur.

514 1142 753 1207 Alioquin
803 1155 953 1191 totum
1006 1146 1238 1209 populum
1293 1147 1629 1210 intempestivis
1685 1145 1938 1192 ardoribus

518 1220 853 1284 affligeremus.
883 1224 994 1269 Hoc
1023 1234 1181 1270 autem
1205 1223 1459 1270 eonsilium
1485 1223 1938 1288 turbisflagitanti-

519 1295 604 1343 bus
627 1298 924 1347 enucleatius
950 1300 1228 1347 disseratur.
1262 1302 1472 1367 Tempus
1498 1301 1828 1358 intractabile,
1850 1318 1939 1347 ne-

518 1390 646 1421 cesse
688 1388 783 1435 est,
821 1377 1144 1435 declinemus,
1179 1389 1223 1424 et
1253 1378 1339 1424 lzoc
1377 1378 1596 1424 omnibus
1634 1378 1939 1425 utilissimum

511 1455 886 1519 perpendamus.
912 1455 964 1502 ld
988 1457 1034 1503 in
1060 1467 1162 1503 toto
1181 1458 1392 1503 exercitu
1412 1457 1753 1504 annunciatum
1774 1467 1868 1514 est,
1894 1467 1940 1503 et

519 1531 712 1579 tandem
735 1532 795 1580 ab
820 1534 1044 1581 omnibus
1064 1536 1384 1582 collaudatum
1410 1547 1494 1582 est.

583 1611 790 1674 Dispersi
826 1624 936 1658 sunt
974 1630 1090 1676 ergo
1118 1613 1258 1659 duces
1291 1624 1338 1659 et
1374 1614 1564 1659 familiae
1600 1630 1688 1677 per
1717 1613 1940 1660 finitimas

520 1688 763 1752 regioneS,
791 1690 1037 1736 aestivandi
1064 1690 1211 1754 gratia
1238 1691 1337 1753 (1);
1367 1701 1413 1736 et
1437 1691 1572 1755 egeni
1599 1708 1676 1737 eos
1695 1689 1943 1755 subseque-

520 1764 715 1824 bantur,
744 1767 934 1814 vivendi
961 1786 1112 1815 causa.
1141 1768 1370 1814 Dixerant
1393 1769 1519 1814 enim
1547 1768 1686 1815 duces
1716 1789 1725 1814 :
1751 1771 1807 1814 Si
1834 1771 1942 1831 quis

523 1861 664 1907 egens
691 1855 760 1890 cst
785 1856 828 1890 et
856 1863 1054 1910 corpore
1078 1857 1302 1910 vegetus,
1327 1847 1576 1911 jungatur
1598 1846 1755 1900 nobis;
1788 1858 1832 1892 et
1862 1864 1945 1893 nos

522 1922 766 1981 omnibus,
801 1924 930 1970 (latis
956 1925 1212 1989 unicuique
1243 1925 1522 1990 stipendiis,
1551 1924 1942 1971 subsidiabimur.

523 2000 710 2064 Infirmi
748 2001 952 2067 publica
990 2004 1138 2068 stipe,
1175 2002 1327 2049 donec
1364 2003 1716 2061 convaluerint,
1757 2013 1945 2049 susten-

525 2089 694 2124 lentur.

589 2157 724 2203 Tunc
762 2158 1056 2205 Raimundus
1095 2158 1294 2216 Piletus‚
1323 2158 1382 2205 de
1417 2158 1726 2205 familiaribus
1761 2159 1945 2206 comitis

523 2234 681 2281 Sancti
701 2236 877 2300 AEgidii
893 2272 904 2293 ,
927 2237 1258 2302 magnanimus
1283 2237 1442 2294 miles,
1463 2237 1655 2302 collegit
1672 2236 1758 2283 sibi
1785 2237 1944 2300 plures

573 2434 623 2481 (1)
647 2435 696 2469 Ce
722 2446 768 2468 ne
789 2434 847 2468 fut
870 2446 933 2481 pas
955 2434 1157 2469 seulement
1180 2447 1274 2482 pour
1291 2435 1379 2469 allel·
1398 2435 1577 2470 chercher
1597 2447 1670 2469 une
1695 2437 1944 2482 temperatum

524 2493 644 2527 moins
664 2492 853 2533 bullante,
877 2494 967 2527 mais
984 2506 1116 2528 encore
1136 2506 1231 2541 pour
1248 2505 1284 2528 se
1308 2493 1466 2529 derober
1486 2506 1555 2528 aux
1575 2493 1748 2528 maladies
1768 2493 1944 2541 pestilen-

525 2551 661 2595 tielles,
682 2551 792 2598 qu’au
806 2552 933 2586 milieu
947 2551 992 2586 de
1008 2559 1089 2587 tant
1107 2552 1152 2587 de
1172 2552 1340 2587 cadavres
1355 2553 1638 2600 developperent
1655 2555 1674 2587 ἐι
1692 2553 1875 2588 Antioche
1892 2553 1943 2588 les

525 2612 692 2647 chaleurs
711 2611 756 2646 de
775 2611 875 2655 Pete,
898 2612 986 2646 dans
1007 2613 1070 2647 des
1092 2614 1350 2648 constitutions
1364 2613 1603 2648 doublement
1620 2613 1798 2660 satiguees
1812 2626 1878 2660 par
1892 2613 1944 2647 les

525 2673 726 2720 privations
750 2679 787 2706 et
812 2672 863 2707 les
883 2674 995 2708 esces.
1016 2675 1081 2708 Les
1103 2674 1254 2709 semmes
1272 2674 1397 2708 furent
1419 2673 1757 2721 particulierement
1775 2675 1944 2709 atteintes

526 2746 590 2779 par
610 2745 667 2768 ces
687 2732 876 2777 maladieS,
899 2734 961 2781 qui
982 2735 1290 2778 moissonnbrent,
1313 2735 1454 2769 suivant
1471 2733 1683 2769 Guillaume
1701 2733 1745 2768 de
1763 2734 1850 2779 Tyr,
1869 2734 1943 2769 ciu-

526 2799 660 2839 quantc
682 2792 779 2828 mille
797 2792 906 2829 ames,
