2085 3455
555 344 634 381 326
918 342 1162 380 HISTORIA
1191 341 1398 379 ECCLESI
1408 342 1596 381 ASTICA.
1697 345 1816 391 [011.οΛ
1846 347 1961 394 1090]

556 439 635 474 tur
656 448 666 473 τ
697 429 749 474 V
745 428 818 474 idi
825 433 1199 492 prcevaricantes
1219 438 1263 472 et
1283 427 1579 473 tabescebam.
1595 465 1608 484 ,
1633 429 1748 491 quia
1772 428 1964 489 eloquia,

557 516 639 552 ma
680 523 775 551 non
816 505 1142 552 custodierant
1181 505 1200 567 ζ
1211 505 1271 567 1).
1304 503 1440 551 Unde
1470 521 1494 549 a
1526 503 1664 550 honis
1695 504 1966 552 doctoribus

555 594 837 648 arguuntur,
856 582 1182 639 obsecrantur,
1204 583 1512 645 increpantur
1528 583 1577 628 in
1597 582 1729 628 omni
1748 584 1966 646 patientia

555 671 602 707 et
623 661 858 708 doctrina.
887 660 977 707 Sed
1001 661 1072 707 his
1091 661 1311 707 omnibus
1332 661 1644 724 pertinaciter
1661 659 1818 707 obstat
1839 661 1968 707 mali-

558 738 651 785 voli
689 737 843 785 cordis
873 737 1125 786 obduratio
1156 738 1356 794 nefaria,
1386 754 1491 802 quae
1517 737 1635 783 solet
1664 737 1880 784 omnium
1905 738 1969 784 so-

553 832 665 862 vere
698 834 750 862 ac
793 814 1043 861 defendere
1076 815 1307 860 scelerum
1349 815 1583 878 contagia.
1628 814 1673 859 Si
1709 814 1892 860 Persius
1925 825 1969 860 et

553 893 769 947 Plautus,
795 892 969 956 aliique
996 890 1239 938 mordaces
1273 892 1459 953 satyrici
1496 909 1624 937 nunc
1662 890 1896 949 adessent,
1925 902 1970 937 et

555 969 738 1015 curiose
762 967 1042 1032 indagarent
1074 967 1278 1031 qualiter
1305 978 1536 1013 nostrates
1566 967 1685 1012 clam
1721 967 1970 1031 palamque

554 1045 718 1091 libitus
763 1062 869 1092 suos
916 1055 1218 1108 perpetrent,
1262 1045 1540 1091 immensam
1590 1043 1966 1107 reprehendendi

554 1123 802 1169 materiam
822 1133 868 1168 et
893 1121 1207 1167 subsannandi
1235 1123 1283 1167 in
1307 1122 1561 1185 propatulo
1587 1123 1869 1184 reperirent.

621 1199 890 1245 Innumeris
935 1200 1091 1262 itaque
1132 1198 1336 1261 lapsibus
1378 1200 1633 1262 perspectis
1674 1200 1721 1245 in
1761 1198 1965 1255 mundo,

556 1276 756 1324 Geroius
788 1277 1035 1323 Grossivus
1073 1278 1120 1322 111
1156 1276 1358 1340 quadam
1393 1277 1585 1340 epistola
1627 1278 1812 1340 scripsit
1846 1278 1969 1324 inter

557 1355 741 1420 reliqua
756 1354 1024 1401 Gisleberto
1039 1356 1318 1412 Mamiuoto,
1333 1356 1700 1401 Luxovieusium
1717 1356 1938 1418 episcopo
1956 1376 1966 1401 z

695 1466 890 1501 Virtutum
909 1465 1062 1511 lampas,
1089 1478 1159 1512 qua
1181 1467 1332 1511 pristina
1355 1465 1540 1511 splenduit
1559 1472 1656 1500 zetas.

742 1525 948 1559 Transtulit
967 1537 1075 1559 omne
1094 1537 1198 1558 suurn
1218 1537 1367 1571 prorsus
1386 1526 1422 1558 111
1440 1532 1534 1559 astra
1547 1524 1667 1570 jubar.

698 1583 943 1630 Temporibus
962 1584 1096 1617 nostris
1117 1583 1274 1617 tenebris
1295 1583 1492 1617 involvitur
1512 1583 1627 1623 orbis,

744 1642 820 1676 Nec
836 1641 930 1676 valet
946 1643 1126 1676 extinctus
1141 1642 1217 1687 jani
1239 1641 1396 1675 relevare
1415 1649 1534 1687 caput.

700 1701 775 1735 Nec
795 1701 930 1747 probus
948 1709 1000 1736 est
1018 1701 1146 1743 hodie,
1171 1714 1236 1735 nec
1253 1713 1381 1735 curans
1401 1702 1445 1737 de
1464 1702 1643 1747 probitate
1655 1731 1662 1742 ,

745 1760 820 1795 Nec
838 1761 1016 1806 pretium,
1040 1773 1105 1795 nec
1124 1762 1255 1801 1101101,
1278 1773 1342 1795 uec
1362 1761 1553 1806 probitatis
1572 1773 1683 1795 amor.

622 1852 912 1899 Enormitati
957 1854 1150 1898 malitiae
1171 1890 1182 1909 ,
1227 1871 1366 1917 quam
1409 1856 1579 1916 passim
1621 1855 1817 1918 grassari
1861 1870 1972 1917 per—

560 1930 734 1993 spexit,
759 1929 927 1976 ardens
953 1928 1253 1976 scholasticus
1278 1929 1582 1993 hyperbolice
1604 1930 1824 1976 detraxit.
1851 1930 1972 1976 Blit-

562 2018 665 2054 tero
690 2025 880 2073 quoque
903 2008 1146 2054 Flaudrita
1180 2009 1277 2071 (2),
1318 2009 1363 2053 111
1400 2019 1639 2071 poemate,
1674 2007 1802 2072 quod
1835 2025 1970 2072 super

559 2086 768 2133 Henrico
793 2085 974 2132 Caesare
999 2103 1151 2149 nuper
1180 2085 1326 2131 edidit
1359 2086 1455 2148 (ὅ),
1483 2085 1674 2145 mundi,
1703 2097 1749 2132 et
1778 2086 1972 2132 miseros

608 2260 658 2306 (1)
680 2259 740 2293 Ps.
760 2271 885 2298 cxvui,
913 2259 987 2294 158.

608 2319 659 2366 (2)
679 2319 729 2353 Ce
750 2322 857 2365 poete
878 2326 931 2353 est
952 2320 1023 2353 fort
1045 2332 1115 2365 peu
1131 2332 1266 2354 connu.
1288 2321 1352 2354 Les
1371 2327 1519 2354 auteurs
1535 2320 1580 2354 de
1596 2320 1781 2355 l'Hz‘stoire
1800 2321 1972 2354 litte'raz're

561 2377 607 2412 de
626 2378 785 2419 France,
805 2378 869 2425 qui
888 2391 932 2413 110
954 2378 1118 2413 l’avaient
1138 2381 1267 2413 trouve
1286 2380 1499 2413 mentionne
1520 2391 1591 2425 que
1612 2379 1700 2413 dans
1722 2378 1898 2420 Orderic,
1922 2377 1969 2412 lui

561 2445 626 2473 ont
653 2438 814 2472 attribue
842 2450 894 2472 un
924 2442 1051 2484 po'eme
1082 2438 1271 2486 elegiaque
1304 2451 1365 2473 sur
1395 2439 1427 2472 la
1456 2446 1552 2473 mort
1579 2438 1623 2473 de
1651 2437 1967 2480 Charles-le-Bon‚

562 2504 681 2532 comte
706 2496 750 2531 de
775 2497 944 2531 Flandre.
972 2498 1021 2531 Mt
1045 2498 1092 2532 Le
1113 2498 1221 2544 Glay,
1245 2498 1335 2532 dans
1357 2510 1410 2532 ses
1431 2505 1533 2532 notes
1555 2510 1616 2532 sur
1638 2498 1818 2540 Baffleric,
1842 2497 1886 2531 l'a
1903 2498 1973 2531 cite

561 2559 581 2593 ὲ
600 2556 791 2591 l'occasion
822 2556 909 2591 d'un
937 2564 1041 2592 autre
1068 2562 1196 2604 poeme
1224 2570 1285 2592 sur
1312 2558 1345 2593 le
1365 2559 1484 2593 meme
1510 2559 1616 2604 sujet.
1644 2558 1694 2593 Ce
1715 2559 1881 2605 pourrait
1900 2558 1970 2591 tres

560 2616 646 2651 bien
667 2617 744 2652 etre
766 2616 918 2659 Blitero,
941 2617 1121 2651 chanoine
1142 2618 1187 2652 de
1207 2617 1344 2665 l’eglise
1361 2618 1573 2660 d'Utrecht‚
1594 2618 1799 2665 qu'Aubert
1816 2617 1863 2652 Le
1880 2617 1970 2651 Mire

562 2676 745 2722 (Dz'plom.
772 2675 914 2721 belgic„
938 2677 972 2718 Ι,
999 2678 1081 2723 174)
1103 2689 1251 2712 nomme
1276 2677 1392 2723 parmi
1413 2677 1464 2712 les
1486 2677 1668 2712 membres
1685 2677 1730 2711 de
1748 2690 1788 2712 ce
1809 2676 1971 2723 chapitre

560 2735 625 2782 qui
657 2735 933 2779 souscrivirent,
966 2747 1011 2769 en
1036 2734 1140 2779 1134,
1170 2736 1202 2770 la
1232 2737 1357 2771 charte
1383 2736 1428 2771 de
1454 2736 1643 2771 fondation
1669 2736 1714 2771 de
1742 2736 1899 2781 l’abbaye
1927 2733 1968 2767 de

562 2795 696 2839 Berua,
720 2795 802 2841 pres
823 2794 1073 2829 Bois-le-Duc.

607 2852 657 2898 (3)
679 2854 835 2888 Ruinam
873 2854 939 2886 Ms.
961 2853 1004 2887 do
1025 2853 1053 2886 la
1077 2855 1174 2887 101110
1196 2854 1239 2888 (10
1261 2854 1387 2889 δυὸάς.
