2085 3455
511 291 589 333 594*
880 291 1125 330 HISTORIA
1156 289 1560 328 ECCLESIASTICA.
1669 294 1777 340 [ΜΑῐο
1802 295 1922 342 1099]

510 380 812 427 Asccnsionis
837 379 940 442 (1),
979 393 1251 425 commeare
1274 393 1361 440 per
1383 386 1631 441 angustam
1661 378 1789 423 viam
1821 378 1927 425 illos

507 459 740 522 oportuit.
763 456 835 503 Ibi
857 456 1122 503 discursum
1139 455 1392 520 gentilium
1416 465 1510 501 tota
1534 454 1610 502 die
1628 455 1923 512 metuebant,

508 554 593 583 nec
631 547 788 582 tamen
828 535 887 582 ab
931 535 1088 582 eundo
1127 533 1375 580 racabant.
1413 534 1634 594 Signiferi
1673 545 1719 580 et
1753 535 1927 581 milites

506 615 674 660 armati
695 613 1051 678 praecedebant,
1075 624 1122 659 et
1142 613 1228 659 toti
1249 611 1475 658 exercitui
1496 610 1556 657 ab
1576 611 1926 658 insidiatoribus

504 690 853 755 praecavebant.
880 689 1301 752 Subsequebantur
1319 689 1612 735 sarcinarum
1638 690 1925 752 provisores,

507 780 553 815 et
588 768 950 815 clitellariorum
978 765 1315 813 sublevatores.
1344 767 1473 813 Pone
1500 767 1786 830 properabat
1808 766 1927 813 ordo

506 846 750 903 militaris,
779 856 825 891 et
846 845 1003 891 omnis
1027 845 1246 891 omnium
1269 843 1431 889 aderat
1454 845 1823 891 necessitatibus.
1852 846 1924 890 Sic

505 922 718 989 quotidie
738 922 983 969 sarcinarii
1009 921 1274 968 mediastini
1301 920 1651 984 properabant,
1679 934 1726 968 et
1750 922 1925 968 imbel-

505 1001 624 1046 lium
648 1000 712 1045 eis
746 1010 1016 1045 turmarum
1055 1014 1220 1062 greges
1249 996 1571 1042 adhaerebant.
1600 998 1818 1044 Buccinae
1844 1016 1926 1043 au*

501 1077 775 1134 diebantur,
818 1088 865 1124 et
909 1076 1166 1141 gradatim,
1196 1092 1255 1121 ne
1298 1074 1550 1121 debiliores
1591 1074 1846 1122 deficerent
1877 1077 1922 1121 in

501 1157 600 1213 via,
625 1154 932 1220 pergebatur.
957 1154 1176 1201 Vicissim
1197 1151 1495 1200 excubabant
1517 1152 1756 1209 noctibus,
1780 1164 1827 1200 et
1844 1154 1921 1199 ubi

501 1235 653 1298 major
682 1232 937 1298 ingruebat
960 1244 1139 1287 metus,
1169 1231 1233 1278 ibi
1260 1232 1536 1296 vigilantior
1566 1231 1927 1295 praeparabatur

500 1311 765 1358 excubitus.
788 1310 920 1357 Nihil
940 1310 1067 1357 enim
1096 1310 1444 1366 inconsultum,
1471 1309 1586 1355 nihil
1610 1309 1923 1356 admittebant

501 1389 847 1437 inordinatum.
876 1388 1225 1452 Indisciplinati
1251 1386 1621 1452 castigabantur,
1653 1388 1783 1434 inscii
1819 1404 1923 1434 eru-

501 1468 772 1524 diebantur,
801 1467 1004 1514 rebelles
1043 1466 1442 1531 objurgabantur,
1487 1466 1836 1513 incontinentes
1866 1465 1923 1512 de

502 1546 748 1593 locacitate
779 1562 857 1591 sua
886 1543 1317 1608 redarguebantur,
1342 1554 1390 1589 et
1411 1560 1575 1590 omnes
1601 1544 1649 1589 in
1673 1561 1925 1590 commune

499 1622 558 1669 ad
576 1624 924 1685 eleemosynam
945 1621 1286 1668 incitabantur.
1310 1621 1483 1667 Omnes
1502 1631 1540 1666 et
1553 1621 1645 1666 iam
1667 1621 1922 1684 frugalitati

500 1710 548 1745 et
578 1699 820 1763 pudicitiae
855 1696 1133 1752 studebant,
1162 1709 1232 1754 et,
1268 1708 1322 1742 ut
1363 1698 1422 1742 ita
1449 1696 1676 1755 dixerim,
1706 1695 1925 1761 quaedam

501 1776 661 1825 schola
685 1774 951 1839 disciplinae
976 1775 1171 1822 moralis
1196 1776 1244 1821 in
1279 1775 1442 1821 castris
1466 1785 1584 1820 erat.
1620 1775 1662 1819 Is
1698 1785 1799 1820 erat
1822 1792 1924 1820 mo-

499 1854 585 1900 dus
619 1863 664 1900 et
694 1852 796 1899 haec
830 1863 932 1898 erat
963 1851 1139 1909 forma,
1175 1852 1222 1898 in
1256 1852 1520 1898 Jerusalem
1557 1851 1922 1897 ambulantium„

500 1932 654 1996 Igitur
691 1929 807 1976 dum
841 1929 969 1976 hunc
1007 1929 1271 1992 disciplinae
1311 1930 1524 1993 rigorem
1563 1939 1844 1985 tenuerunt,
1881 1939 1926 1974 et

500 2010 673 2056 affectu
696 2008 944 2055 caritativo
963 2006 1376 2064 redundaverunt,
1398 2006 1644 2054 evidenter
1660 2008 1782 2053 Deus
1804 2008 1926 2053 inter

501 2104 579 2134 eos
604 2096 910 2133 conversatus
947 2095 1039 2140 est,
1070 2095 1117 2130 et
1140 2101 1226 2148 per
1249 2101 1328 2132 eos
1351 2085 1475 2131 bella
1508 2103 1587 2131 sua
1612 2083 1815 2130 bellatus
1838 2094 1923 2131 est.

500 2166 614 2212 Haec
655 2164 830 2211 idcirco
870 2162 1152 2220 dixerimus,
1198 2163 1419 2227 quatinus
1465 2163 1925 2226 indisciplinatorum

503 2244 725 2299 illorum,
770 2243 850 2306 qui
891 2241 999 2287 huic
1036 2240 1328 2305 expeditioni
1373 2241 1593 2305 gloriosae
1635 2241 1922 2304 superciliosi

501 2329 851 2376 successerunt,
881 2319 985 2365 illos
1018 2319 1324 2376 extollentes,
1350 2320 1496 2365 vitam
1529 2330 1576 2365 et
1598 2319 1723 2364 viam
1758 2317 1925 2364 redar-
1980 2343 1987 2350 ·

503 2400 764 2462 guerimus.
800 2396 931 2443 Nihil
957 2398 1085 2443 enim
1109 2408 1177 2443 est
1202 2398 1327 2443 inter
1351 2397 1570 2443 homines
1596 2397 1756 2442 utilius
1779 2395 1925 2442 disci*

504 2477 653 2540 plina.

569 2556 785 2619 Denique
812 2555 1101 2610 montaneis,
1138 2555 1183 2599 in
1223 2553 1392 2618 quibus
1431 2553 1583 2600 hostes
1610 2552 1922 2608 timebantur,

505 2634 604 2679 sine
630 2632 762 2680 hoste
787 2633 1089 2690 transcensis,
1114 2648 1241 2678 secus
1263 2648 1392 2678 mare
1411 2642 1616 2695 quatuor
1636 2631 1926 2677 transierunt

553 2809 789 2856 (12¹Lejcudi
814 2821 854 2856 ¹9
871 2810 956 2844 mai.
