2033 3445
91 324 348 370 {mmo-sumo
371 322 492 370 1098]
612 320 766 358 LIBER
795 319 974 359 NONUS.
1422 330 1499 369 563

90 407 262 464 ductu,
286 417 337 452 ut
363 406 648 470 promissum
675 406 766 453 illis
788 407 940 453 suerat
952 442 966 463 ,
989 408 1038 454 in
1064 419 1239 457 terram
1267 428 1396 459 suam
1419 431 1501 461 re-

91 484 438 547 migraverunt.

155 559 492 605 Remeantibus
526 559 745 617 Francis,
781 561 862 624 qui
897 577 976 607 eos
992 597 1005 617 ,
1032 572 1086 607 ut
1109 573 1299 625 pactum
1323 566 1499 624 suerat,

90 635 407 694 deduxerant,
436 637 753 702 intrepidique
771 639 870 701 jam
889 638 947 684 ad
970 639 1086 686 fines
1109 658 1214 688 suos
1237 643 1383 689 Turci
1417 663 1504 708 ap·-

92 712 518 777 propinquabant:
547 730 652 760 ecce
676 714 932 761 Balduinus
968 714 1025 762 de
1059 716 1209 782 Rages
1243 718 1316 782 (1)
1350 719 1505 767 subito

93 792 185 838 illis
215 790 450 849 obviavit,
478 791 686 856 initaque
719 793 765 839 in
788 793 981 839 nomine
1011 794 1203 841 Domini
1222 813 1380 860 pugna
1402 797 1508 844 bar-

92 869 233 915 baros
276 869 528 932 percussit,
580 868 779 926 occidit,
829 881 876 916 et
922 886 1042 933 pene
1091 888 1255 918 omnes
1313 873 1503 920 delevit.

93 945 272 993 Deinde
296 945 625 1004 Antiochiam,
653 948 812 1010 spoliis
838 960 1058 1006 OllustuS,
1096 967 1204 995 cum
1229 952 1401 998 familia
1429 971 1506 998 sua

94 1024 249 1080 venit,
283 1034 330 1069 et
354 1024 486 1070 laetos
517 1041 732 1070 rumores
760 1026 921 1072 amicis
952 1026 1044 1071 suis
1081 1027 1262 1073 retulit.
1299 1028 1505 1088 Verum,

93 1101 203 1166 quia
237 1119 364 1147 nunc
399 1118 446 1147 se
480 1101 622 1148 offert
653 1103 835 1148 occasio
866 1103 1097 1150 referendi
1128 1104 1242 1168 quid
1277 1106 1508 1154 Balduino

96 1178 369 1242 contigerit,
387 1178 518 1224 stilus
538 1189 714 1225 nostrae
731 1181 1018 1227 narrationis
1038 1181 1086 1227 in
1105 1183 1300 1229 nomine
1317 1183 1506 1231 Domini

94 1255 331 1302 succincte
356 1255 639 1302 enucleabit.
669 1256 779 1303 Non
804 1257 932 1303 enim
955 1258 1083 1305 sileri
1104 1258 1245 1305 debet
1269 1270 1395 1307 tanta
1416 1278 1506 1307 reS.

162 1333 250 1378 XI.
285 1332 553 1393 [Autumno
582 1335 748 1398 1097.]
772 1335 1025 1398 Postquam
1053 1336 1335 1394 Balduinm,
1364 1348 1417 1384 ut
1440 1356 1511 1384 su-

96 1427 182 1473 pra
205 1409 385 1456 dictum
404 1421 490 1465 est,
512 1410 760 1458 Tancredo
780 1429 885 1457 cum
906 1412 1220 1460 amaritudine
1243 1414 1507 1472 recedente,

96 1488 314 1546 Tarsum,
328 1487 502 1534 Ciliciae
517 1487 704 1545 urbem,
721 1487 950 1545 obtinuit,
965 1489 1236 1547 Godesredi‚
1251 1492 1409 1537 fratris
1420 1494 1507 1548 sui,

95 1565 394 1629 aliorumque
416 1563 589 1610 ducum
613 1565 845 1610 exercitus
868 1564 1099 1622 deseruit,
1128 1578 1175 1613 et
1198 1586 1305 1613 cum
1328 1586 1403 1615 ccc
1426 1571 1511 1615 mi-

95 1641 256 1688 litibus
285 1642 626 1706 armigerisque
650 1642 741 1687 suis
764 1641 821 1687 ad
850 1641 1073 1688 Edessam
1100 1643 1271 1690 urbem
1297 1644 1507 1692 divertit.

94 1719 274 1766 Ducem
291 1735 407 1765 vero
428 1720 699 1766 Turcorum
721 1720 791 1782 (2)
804 1754 816 1775 ,
840 1719 922 1783 qui
941 1719 1091 1766 eidem
1109 1721 1374 1769 Provinciae
1392 1741 1512 1787 pree-

95 1796 294 1853 sidebat‚
314 1795 446 1854 adiit,
465 1797 778 1862 militiamque
793 1814 922 1842 suam
942 1796 999 1842 ad
1018 1799 1295 1844 servitutem
1312 1800 1407 1863 ejus
1423 1801 1513 1846 ala-

96 1875 241 1921 criter
255 1873 446 1922 obtulit.
464 1875 549 1921 Ille
562 1891 677 1922 vero
697 1892 806 1921 cum
817 1874 995 1920 civibus
1008 1875 1100 1920 suis
1113 1874 1319 1923 Francos
1335 1877 1509 1924 milites

95 1962 340 2016 gratanter
358 1952 577 2016 suscepit,
599 1952 822 2015 opulenta
846 1952 937 1997 illis
961 1953 1007 1997 in
1028 1951 1146 1998 urbe
1165 1952 1367 2016 hospitia
1384 1953 1510 2000 dele-

95 2031 248 2094 gavit,
274 2030 471 2077 uberem
492 2031 670 2078 victum
696 2041 742 2076 et
763 2031 947 2094 copiosa
973 2030 1204 2095 stipendia
1238 2032 1504 2089 constituit,

96 2119 143 2155 et
174 2109 369 2155 tutelam
403 2109 546 2155 totius
585 2108 791 2172 regionis
824 2124 918 2154 suae
953 2107 1318 2155 commendavit.
1354 2110 1506 2156 Porro

142 2293 192 2338 (1)
212 2292 310 2326 Lisez
329 2307 334 2325 :
355 2291 514 2326 Edessa.
529 2291 741 2326 Guillaume
760 2289 808 2323 dc
826 2290 901 2335 Tyr
917 2302 935 2323 a
953 2288 1087 2335 adopts}
1105 2301 1245 2324 comme
1261 2297 1366 2324 notre
1378 2297 1507 2326 auteur

92 2358 189 2386 cette
212 2351 424 2398 synonymie
448 2352 610 2385 erronee.
639 2351 686 2384 La
709 2349 857 2396 plupart
879 2348 943 2383 des
964 2356 1089 2384 autres
1109 2350 1306 2384 historiens
1326 2349 1388 2384 des
1411 2351 1506 2385 croi-

94 2411 195 2446 sades
211 2411 394 2458 appellent
412 2403 543 2446 Edesse
564 2408 691 2453 Roais,
717 2409 836 2450 Rhea,
860 2408 990 2443 Rhoas
1000 2425 1009 2448 ;
1028 2409 1115 2443 c’est
1132 2421 1183 2443 un
1199 2408 1334 2455 vestige
1353 2408 1404 2443 du
1424 2421 1504 2444 sur-

95 2481 181 2504 nom
198 2469 243 2504 de
267 2469 465 2513 Callirhoe,
485 2481 556 2516 que
572 2468 622 2503 lui
643 2468 765 2502 donne
784 2467 906 2511 Plinc,
930 2469 948 2501 ξι
968 2479 1074 2502 cause
1095 2468 1140 2503 de
1159 2480 1195 2502 sa
1213 2467 1305 2503 belle
1325 2468 1504 2511 fontaine,

93 2536 132 2564 et
147 2541 240 2576 pour
257 2529 290 2564 la
310 2529 516 2575 distinguer
535 2528 773 2570 d'Antioclw,
796 2527 887 2561 dont
905 2526 973 2561 elle
995 2527 1084 2562 etait
1104 2529 1123 2562 a
1142 2534 1236 2562 cette
1255 2529 1395 2575 epoque
1412 2528 1505 2562 l’ho-

96 2600 278 2635 monyme.
293 2587 540 2634 Aujourd'hui
557 2587 607 2621 les
621 2588 739 2622 Tui-cs
754 2585 963 2632 l'appellent
984 2585 1090 2632 Orsa.
1106 2586 1212 2621 Cette
1229 2585 1310 2620 ville
1323 2592 1376 2620 est
1391 2586 1504 2620 situee

96 2660 142 2683 au
160 2647 330 2683 nord-est
345 2654 383 2682 et
397 2649 417 2682 ὲ
436 2647 709 2695 cinquante-six
728 2646 862 2680 heures
881 2645 927 2680 de
945 2645 1094 2680 marche
1113 2645 1341 2680 d’Antioche.

141 2707 192 2753 (2)
212 2707 345 2742 C'etait
359 2719 409 2741 un
426 2707 529 2741 vieux
549 2717 778 2753 gouverneur
797 2705 914 2748 Grec,
939 2707 1076 2752 envoye
1095 2704 1184 2740 dans
1205 2717 1244 2739 ce
1264 2716 1349 2751 pays
1369 2716 1451 2739 sous
1471 2704 1503 2739 le

97 2768 209 2813 regne
225 2767 270 2802 de
286 2766 504 2814 l'empereur
522 2766 677 2801 Romaiu
698 2765 861 2812 Diogene
881 2763 1118 2812 (1068-1071)
1130 2789 1139 2805 ‚
1156 2771 1191 2799 et
1209 2763 1376 2810 qu'Anne
1394 2764 1502 2798 Com÷

99 2827 192 2860 nene
212 2825 351 2873 appelle
374 2826 527 2861 Tlmros.
