2033 3445
573 304 723 342 LIBER
754 304 999 343 OCTAVUS.
1414 308 1489 347 447

82 394 179 440 Deo
199 391 420 437 militavit
455 391 540 453 (i).
570 391 657 437 Hic
676 427 689 448 ‚
729 391 842 437 dum
875 389 1025 436 adhuc
1056 391 1101 436 in
1138 393 1280 438 armis
1311 394 1491 443 mundo

80 469 300 523 serviret,
330 466 599 531 quondam,
628 467 740 514 dum
761 467 818 513 (le
839 467 996 514 Sancti
1025 467 1185 514 Jacobi
1211 471 1491 534 peregrina-

79 548 207 593 tione
232 543 435 601 rediret,
469 545 518 590 in
549 545 748 591 introitu
781 544 1018 609 cujusdam
1055 545 1183 591 silvae
1217 547 1341 592 solus
1383 566 1490 595 cum

79 623 311 685 armigero
334 638 418 667 suo
450 621 693 684 languenti
719 620 938 667 mendico
963 631 1160 685 repente
1184 625 1418 680 occurrit,
1444 637 1491 671 et

77 699 285 764 poscenti
315 699 485 761 stipem
517 715 736 744 nummos
766 715 883 762 quos
913 697 1046 744 daret
1076 698 1133 744 ad
1165 717 1359 746 manum
1390 718 1489 748 non

78 775 255 832 habuit3
270 774 346 821 sed
357 775 588 838 preciosas
606 774 916 832 chirothecas,
930 774 989 821 ab
1006 776 1150 822 amica
1167 775 1254 822 sibi
1269 775 1485 835 directas,

75 852 242 900 devote
260 853 490 916 porrexit.
513 851 709 909 Deinde,
731 863 837 916 post
859 853 1056 917 longum
1075 863 1278 916 tempus,
1302 854 1486 902 cuidam

76 931 295 994 religioso
313 930 397 976 Dei
421 946 575 985 servo,
603 941 709 993 post
725 931 983 976 matutinos
1004 931 1051 976 in
1075 932 1286 977 oratorio
1303 932 1486 996 suppli-

76 1006 224 1063 canti,
251 1006 460 1070 angelica
495 1005 613 1052 visio
642 1007 889 1069 apparuit,
918 1017 964 1052 et
987 1006 1029 1052 ei
1061 1005 1277 1070 quaedam
1308 1007 1484 1070 agenda

73 1083 333 1146 specialiter
358 1082 580 1146 injunxit.
608 1082 821 1147 Cumque
843 1081 1103 1129 monachus
1126 1082 1379 1147 diligenter
1404 1084 1482 1130 in-

72 1160 303 1224 quireret,
332 1160 458 1223 cujus
483 1160 764 1206 auctoritate
786 1160 893 1205 talia
917 1159 1003 1205 sibi
1030 1161 1313 1223 praeciperet
1337 1182 1346 1206 :
1368 1161 1478 1219 Ille,

73 1237 248 1301 inquit,
281 1254 355 1282 me
386 1240 510 1283 misit
538 1237 607 1283 ad
635 1248 702 1293 te,
734 1246 780 1282 et
803 1238 907 1284 lzoec
932 1239 1019 1283 tibi
1039 1239 1310 1296 mandavit,
1341 1256 1479 1302 quem

70 1313 310 1358 [Martinus
330 1326 469 1377 parte
491 1312 765 1375 chlamydis
786 1331 886 1359 sicce
910 1314 1115 1369 vestivit,
1143 1325 1185 1358 et
1209 1315 1290 1359 eui
1309 1314 1478 1360 Guar—

71 1392 225 1435 nerius
257 1389 548 1436 chirothecas
581 1408 699 1435 suas
733 1390 945 1435 donavit.
984 1390 1150 1435 Frater
1185 1389 1284 1436 haec
1319 1389 1477 1436 abbati

69 1466 253 1523 retulit,
289 1478 336 1513 et
368 1466 631 1513 senioribus
659 1467 852 1513 historia
879 1467 936 1512 de
959 1467 1153 1512 Martini
1176 1466 1320 1513 divisa
1345 1467 1477 1514 chla-

67 1543 200 1607 myde
220 1545 328 1590 satis
352 1545 543 1601 claruit,
579 1545 708 1608 cujus
732 1555 867 1607 parte
891 1544 1137 1589 Ambianis
1170 1544 1320 1591 adhuc
1349 1556 1475 1591 cate-

66 1620 320 1668 chumenus
340 1621 580 1668 Christum
601 1623 647 1667 in
671 1638 875 1685 paupere
898 1622 1030 1667 texit.
1054 1621 1143 1667 Sed
1162 1638 1235 1667 res
1253 1621 1310 1668 de
1329 1622 1476 1668 Guar-

65 1700 183 1746 nerii
208 1698 491 1746 chirothecis
515 1700 712 1745 omnino
735 1698 816 1745 diu
834 1699 987 1744 latuit.
1015 1698 1224 1745 Tandem
1247 1700 1341 1762 ipse
1360 1701 1472 1764 qui-

62 1773 256 1822 busdam
295 1775 713 1840 percunctantibus
749 1776 1027 1838 simpliciter
1056 1774 1232 1821 detexit
1268 1776 1472 1839 qualiter

63 1852 193 1916 inopi
218 1870 306 1916 pro
328 1870 488 1899 amore
511 1852 681 1898 Christi
709 1852 1009 1909 subvenerit,
1035 1862 1081 1898 et
1103 1851 1162 1897 al)
1187 1852 1277 1897 illis
1301 1853 1471 1900 nihilo-

60 1930 214 1976 minus
238 1930 575 1975 revelationem
594 1928 798 1985 audivit,
822 1929 1032 1993 Deoque,
1053 1929 1131 1992 qui
1153 1928 1279 1974 bona
1302 1929 1469 1976 sacien-

0 2063 1 2077 χ
61 2007 183 2053 tibus
207 2023 392 2070 semper
414 2017 589 2070 praesto
613 2018 707 2063 est,
737 2007 907 2071 gratias
932 2009 1043 2070 egit.

122 2085 253 2131 Circa
272 2085 371 2131 haec
393 2096 623 2147 tempora,
645 2083 929 2141 Bernartius,
952 2083 1191 2143 Quinciaci
1220 2082 1361 2129 abbas
1374 2085 1462 2148 (2),

0 2158 1 2205 Ῐ
59 2161 342 2208 Pictaviense
373 2162 525 2208 solum
554 2162 771 2226 reliquit,
804 2161 910 2226 quia
945 2161 1192 2225 praesatum
1224 2173 1464 2208 monaste-

0 2231 1 2235 *
58 2239 181 2285 rium
199 2276 211 2296 ,
257 2238 384 2303 quod
427 2238 647 2285 hactenus
692 2238 896 2285 liberum
942 2239 1188 2295 extiterat,
1240 2238 1464 2286 Cluniaco

0 2351 1 2354 η
58 2315 301 2380 subjugare
327 2317 501 2372 noluit;
528 2327 574 2362 et
597 2317 731 2380 quia,
761 2317 880 2363 sicut
904 2317 1129 2378 scriptum
1171 2327 1239 2362 est
1263 2337 1272 2361 :
1299 2317 1462 2363 Jasms

59 2404 110 2438 ut
129 2393 200 2440 leo
224 2394 423 2454 confidit
448 2395 534 2457 (5),
559 2395 606 2439 in
631 2394 841 2441 Romana
865 2393 1042 2456 synodo
1070 2404 1234 2439 contra
1261 2394 1459 2441 Pascha-

101 2558 151 2602 (1)
175 2557 322 2604 D’aprcs
347 2558 379 2593 le
405 2558 606 2605 biographo
633 2558 677 2592 de
704 2558 883 2601 Bernard,
907 2558 998 2592 abbe
1021 2558 1065 2593 (le
1091 2559 1224 2602 Tiron,
1251 2571 1291 2593 ce
1314 2560 1421 2593 serait
1441 2561 1459 2593 ὶι

57 2613 335 2662 Saint-Cyprien
354 2615 398 2650 de
415 2616 571 2651 Poitiers
588 2629 658 2663 que
677 2630 716 2651 ce
737 2617 906 2663 seigneur
926 2617 1041 2651 aurait
1058 2617 1121 2651 fait
1141 2617 1354 2663 profession.

101 2672 151 2715 (2)
174 2673 353 2717 Bernard,
379 2675 576 2720 originaire
598 2674 642 2710 de
667 2675 869 2718 ponthieu,
893 2675 980 2710 etait
999 2675 1089 2710 abbe
1111 2675 1156 2710 de
1179 2675 1456 2721 Saint-Cyprien

59 2729 102 2766 de
118 2732 272 2768 Poitiers
289 2746 334 2768 en
357 2746 455 2768 1100.

101 2789 150 2837 (3)
175 2792 291 2836 Proin,
313 2805 439 2837 xxviii,
468 2807 495 2828 ¹.
