2085 3455
574 331 648 369 142
934 328 1173 367 HlSTORlA
1206 308 1612 368 ECCLESIASTICA.⁸
1756 330 1975 379 [878-898]

568 415 755 463 basilica
770 415 891 462 beati
905 415 1113 478 Dionysii
1128 414 1346 477 martyris
1360 414 1577 459 Parisius.
1601 413 1810 477 Suscepit
1823 426 1977 461 autem

569 511 771 559 regnum
804 493 1092 540 Hludovicus
1131 492 1253 537 filius
1289 492 1401 556 ejus·
1445 491 1667 556 Sequenti
1702 508 1817 539 vero
1853 510 1978 539 anno

569 572 826 628 Johannes‚
845 571 964 634 Papa
981 570 1237 624 Romanus,
1259 567 1317 614 ad
1335 568 1510 615 Gallias
1528 568 1722 614 veniens
1743 586 1852 614 cum
1867 568 1981 615 For-

571 665 704 695 moso
724 648 943 711 episcopo
966 645 1215 694 Portuensi
1230 679 1243 700 ‚
1270 646 1425 691 serens
1441 662 1598 691 secum
1626 645 1980 708 pretiosissimas

570 725 791 790 reliquias
796 724 977 787 ‚primo
988 721 1234 768 Arelatum
1246 721 1435 785 navigio
1446 720 1503 767 ad
1511 731 1669 768 vectus
1675 757 1686 778 ,
1702 738 1787 786 per
1797 720 1982 786 Lugdu-

569 819 703 858 num,
728 802 935 864 aliasque
957 798 1166 845 civitates
1195 796 1254 843 ad
1270 798 1562 843 Tricasinam
1582 797 1751 844 urbem
1769 799 1975 855 accessit,

571 879 730 943 ibique
748 895 856 925 cum
875 875 1140 923 Hludovico
1161 891 1290 939 rege,
1308 873 1407 921 filio
1425 875 1591 921 Karoli
1608 875 1756 931 Calvi,
1775 875 1976 934 locutus,

568 954 626 1001 ad
644 954 829 1000 Italiam
845 951 1087 1016 repedavit
1107 950 1201 1014 (1).
1223 950 1334 996 Post
1350 949 1451 996 haec
1466 949 1712 997 defunctus
1737 961 1805 997 est
1820 951 1982 998 Ludo-

567 1030 696 1076 vicus
720 1046 804 1076 rex
826 1029 1148 1083 Francorum,
1180 1025 1344 1072 Karoli
1371 1025 1501 1072 Calvi
1525 1025 1670 1083 filius,
1696 1027 1982 1093 reliquitque

568 1107 720 1154 filium
736 1124 872 1153 suum
891 1105 1161 1170 parvulum,
1182 1104 1414 1150 Karolum
1431 1104 1624 1150 nomine
1635 1140 1648 1161 ,
1670 1105 1751 1168 qui
1776 1105 1983 1169 Simplex

567 1184 859 1249 appellatur,
898 1200 1006 1230 cum
1044 1198 1219 1245 regno,
1264 1181 1313 1227 in
1351 1179 1556 1228 custodia
1588 1180 1766 1228 Odonis
1799 1181 1983 1246 princi-

570 1263 641 1326 pis
668 1262 757 1325 (2).

634 1339 706 1386 Eo
754 1349 967 1402 tempore
1011 1353 1125 1401 gens
1173 1334 1414 1383 incredula
1461 1336 1853 1384 Normannorum
1897 1353 1984 1401 per

569 1417 741 1464 Gallias
778 1432 873 1462 sese
908 1413 1127 1471 diffudit,
1167 1412 1397 1471 caedibus,
1437 1414 1641 1477 rapinis,
1679 1425 1820 1480 atque
1852 1414 1984 1461 omni

570 1493 858 1541 crudelitatis
887 1507 1059 1556 genere
1089 1489 1387 1537 debacchata.
1420 1490 1600 1538 Deinde
1631 1491 1826 1550 Franci,
1856 1493 1984 1538 Bur-

568 1569 829 1635 gundiones
867 1579 913 1616 et
945 1568 1306 1633 Aquitanienses
1346 1584 1568 1631 proceres
1612 1570 1886 1634 congregati
1935 1570 1983 1616 in

568 1665 718 1694 unum
733 1683 746 1703 ,
768 1646 981 1694 Odonem
997 1646 1264 1709 principem
1280 1646 1525 1709 elegerunt
1539 1645 1628 1693 sibi
1648 1648 1695 1694 in
1714 1665 1874 1713 regem
1892 1649 1980 1712 (3).

569 1724 787 1771 Obeunte
807 1740 923 1770 vero
943 1722 1106 1770 Odone
1126 1723 1219 1768 kal.
1242 1724 1444 1786 januarii
1466 1725 1536 1787 (4)
1549 1760 1562 1780 ,
1586 1726 1764 1789 recepit
1783 1743 1984 1790 regnum

571 1802 774 1848 Karolus
797 1801 1030 1864 Simplex,
1068 1799 1191 1846 filius
1215 1799 1481 1847 Hludovici.
1516 1801 1612 1847 Sub
1646 1806 1747 1865 ipso
1771 1813 1983 1868 tempore

618 2057 668 2104 (1)
700 2057 746 2091 Le
772 2068 865 2102 pape
889 2056 981 2090 Jean
1008 2055 1102 2090 VIII
1131 2056 1247 2090 arriva
1262 2058 1281 2090 ἐι
1298 2056 1403 2091 Arles
1433 2056 1466 2091 le
1496 2069 1531 2091 11
1555 2058 1626 2092 mai
1647 2057 1727 2105 878.
1750 2058 1850 2093 Nous
1873 2070 1979 2093 avons

571 2117 676 2163 peine
695 2118 713 2150 a
732 2116 851 2150 croire
871 2127 943 2162 que
960 2115 1153 2158 Formose,
1177 2115 1313 2163 eveque
1331 2115 1376 2150 de
1393 2117 1518 2160 Porto,
1539 2116 1616 2151 l’ait
1632 2119 1874 2165 accompagne
1891 2118 1980 2153 dans

569 2187 611 2209 ce
639 2186 795 2221 voyage,
828 2175 929 2208 etant
958 2173 1047 2208 dans
1066 2186 1102 2208 sa
1127 2173 1291 2221 disgrzice
1314 2174 1442 2222 depuis
1461 2175 1541 2224 876.
1562 2176 1593 2210 Il
1617 2189 1639 2222 y
1666 2182 1729 2210 eut
1746 2176 1827 2223 plus
1844 2177 1979 2224 qu’une

571 2233 822 2268 conversation
839 2234 858 2266 a
875 2233 1013 2278 Troyes
1031 2239 1134 2267 entre
1151 2232 1185 2267 le
1209 2245 1301 2280 pape
1318 2240 1354 2268 et
1378 2233 1412 2269 le
1435 2235 1513 2278 roi,
1534 2247 1594 2269 car
1617 2234 1651 2268 le
1666 2235 1826 2282 premier
1843 2249 1866 2282 y
1889 2248 1977 2271 cou-

572 2305 687 2327 ronna
701 2292 830 2326 l’autre
844 2290 877 2325 le
894 2290 1090 2326 dimanche
1108 2304 1127 2339 7
1144 2292 1361 2338 septembre.

617 2353 667 2398 (2)
684 2350 993 2397 Louis-le-Begue
1011 2357 1162 2386 mourut
1177 2353 1196 2386 a
1213 2352 1439 2399 Compiegne
1457 2352 1489 2386 le
1506 2351 1679 2386 vendredi
1699 2353 1812 2395 saint,
1833 2365 1873 2387 10
1891 2355 1979 2388 avril

570 2413 651 2459 879.
675 2412 748 2446 Nos
770 2412 859 2446 trois
881 2411 1148 2459 chroniqueurs
1165 2419 1231 2446 ont
1248 2424 1294 2447 eu
1318 2412 1434 2459 grand
1451 2419 1527 2447 tort
1545 2412 1590 2447 de
1617 2414 1760 2457 repeter
1782 2412 1857 2447 l’un
1876 2414 1978 2460 apres

570 2471 698 2507 l'autre
713 2483 785 2519 que
804 2483 843 2505 ce
862 2472 987 2518 prince
1004 2471 1107 2506 laissa
1125 2471 1491 2519 Charles—le-Simple
1514 2484 1596 2506 sous
1613 2471 1645 2506 la
1667 2471 1776 2518 garde
1792 2471 1842 2506 du
1859 2480 1978 2508 comte

569 2529 616 2564 de
632 2529 752 2573 Paris,
775 2528 890 2564 Eude.

617 2588 669 2635 (3)
691 2590 743 2625 Ce
756 2602 801 2624 ne
819 2589 875 2624 fut
893 2589 1060 2636 qu'apres
1079 2589 1111 2623 la
1130 2596 1228 2624 niort
1246 2589 1291 2625 de
1309 2589 1417 2624 Louis
1438 2589 1493 2623 III
1511 2596 1546 2624 et
1565 2589 1761 2624 Carloman
1778 2597 1815 2625 et
1834 2590 1867 2625 le
1893 2601 1978 2624 ren-

571 2650 628 2684 voi
655 2649 700 2684 de
723 2647 1044 2684 Charles—le-Gros
1063 2648 1229 2696 qu'Eude
1253 2650 1309 2684 fut
1331 2649 1390 2685 elu
1413 2649 1468 2683 roi
1495 2648 1540 2683 de
1566 2649 1723 2693 France,
1751 2661 1797 2684 en
1825 2649 1910 2697 887,
1941 2656 1977 2683 et

571 2705 705 2751 charge
724 2703 769 2738 de
787 2703 820 2738 la
839 2703 967 2738 tutelle
985 2703 1030 2738 de
1047 2703 1226 2739 l’he'ritier
1241 2704 1286 2740 de
1303 2703 1337 2739 la
1355 2716 1552 2740 couronne.

617 2765 668 2810 (4)
698 2765 744 2798 Lc
763 2762 783 2798 5
801 2763 942 2808 janvier
960 2762 1040 2810 898.
1061 2763 1212 2798 Charles
1230 2764 1324 2799 avait
1342 2765 1398 2799 ete
1424 2765 1610 2799 cour-onne
1633 2764 1695 2800 (les
1720 2764 1752 2799 le
1779 2762 1977 2809 28ja11vier

571 2823 656 2869 893,
676 2836 720 2858 en
740 2824 947 2869 oppositioni
967 2836 1047 2858 avec
1070 2823 1179 2858 Eude.
