2085 3455
516 290 565 326 (58
879 282 1121 321 HISTORIA
1152 281 1552 319 ECCLESIASTICA.

516 372 781 435 recuperari
830 389 924 416 non
962 379 1181 432 possunt,
1228 368 1335 432 quia
1379 379 1589 414 veterum
1626 367 1916 412 monimenta

517 468 623 496 cum
638 449 816 496 mundo
843 456 1158 511 praetereunte
1182 464 1204 491 a
1229 446 1455 491 memoria
1480 445 1782 508 praesentium
1802 442 1920 488 defi-

518 529 671 583 ciunt,
702 527 830 592 quasi
854 525 1033 590 grando
1064 524 1135 570 vel
1162 525 1241 570 nix
1264 523 1311 569 in
1341 523 1476 569 undis
1497 542 1604 570 cum
1637 521 1800 585 rapido
1823 520 1920 566 flu·—

518 606 644 652 mine
670 603 1030 651 irremeabiliter
1050 601 1222 648 fluente
1249 600 1463 647 defluunt
1489 602 1577 664 (ι).

583 683 784 729 Nomina
802 682 1018 728 locorum
1032 716 1044 736 ‚
1070 679 1117 724 in
1138 678 1307 743 quibus
1326 689 1460 741 pater
1488 677 1712 723 Ebrulfus
1732 694 1796 724 xv
1818 692 1925 721 mo-

520 759 717 806 nasteria
744 756 1035 812 construxit,
1072 766 1116 801 et
1152 754 1378 801 vocabula
1414 765 1627 816 patrum,
1665 769 1781 816 quos
1806 750 1928 797 idem

519 835 864 883 coenobialibus
892 834 1060 879 turmis
1091 833 1290 878 vicarios
1323 831 1497 877 Christi
1523 830 1755 894 praefecit,
1788 829 1928 874 variis

520 912 856 960 mutationibus
881 928 1043 957 rerum
1068 927 1151 973 per
1173 927 1273 955 cccc
1293 926 1441 956 annos
1460 908 1633 954 abolita
1661 918 1795 963 sunt,
1818 924 1923 969 quae

519 991 604 1037 sub
632 990 792 1036 multis
816 986 1111 1052 principibus
1138 1004 1159 1032 a
1196 986 1421 1033 Lothario
1458 986 1632 1049 Magno
1657 995 1703 1030 et
1741 982 1925 1028 Childe-

520 1068 656 1113 berto
682 1067 1013 1128 contigerunt,
1038 1064 1118 1128 qui
1145 1080 1289 1126 usque
1316 1063 1371 1108 ad
1396 1062 1669 1125 Philippum
1692 1071 1738 1107 et
1768 1059 1929 1105 Ludo-

521 1145 676 1189 vicum
701 1143 797 1205 ejus
821 1141 970 1186 filium
991 1140 1060 1202 (2)
1089 1140 1133 1184 in
1153 1138 1314 1184 Galliis
1343 1149 1678 1202 regnaverunt.
1705 1135 1929 1196 Quaedam

522 1231 676 1265 tamen
710 1217 871 1263 annosi
899 1233 1029 1262 senes
1064 1216 1156 1261 visa
1198 1215 1267 1260 vel
1294 1214 1448 1260 audita
1475 1215 1583 1260 filiis
1613 1231 1694 1261 ore
1727 1212 1928 1259 facundo

522 1296 811 1350 retulerunt,
847 1310 952 1358 quae
985 1291 1293 1338 nihilomiuus
1329 1302 1375 1337 et
1414 1292 1496 1354 ipsi
1536 1292 1707 1337 tenacis
1745 1291 1931 1354 glutino

521 1372 764 1419 memoriae
784 1372 1086 1416 retinuerunt
1100 1405 1111 1425 ‚
1139 1380 1185 1415 et
1201 1369 1413 1433 sequenti
1433 1385 1534 1414 aevo
1554 1367 1928 1431 divulgaverunt.

524 1450 675 1513 Digna
713 1449 868 1510 itaque
898 1446 1050 1491 relatu
1074 1456 1277 1491 serentes
1300 1444 1522 1490 fratribus
1547 1445 1639 1490 suis
1665 1443 1927 1499 insinuant3

525 1544 609 1591 per
633 1543 738 1590 quae
761 1524 876 1570 dura
901 1523 1177 1570 mortalium
1207 1521 1347 1569 corda
1372 1522 1607 1568 Creatoris
1630 1521 1687 1567 ad
1721 1537 1932 1568 amorem

526 1604 747 1659 incitant,
775 1619 834 1648 ne
857 1618 945 1665 pro
969 1599 1244 1646 abscondito
1270 1601 1319 1645 in
1347 1610 1469 1645 terra
1492 1600 1669 1645 talento
1693 1616 1799 1644 cum
1824 1609 1931 1645 tor-

526 1681 657 1745 penti
676 1696 814 1726 servo
838 1679 1189 1724 damnationem
1208 1678 1468 1722 incurrant.
1490 1676 1641 1740 Igitur
1655 1693 1760 1740 quae
1776 1676 1937 1738 priscis

529 1778 552 1805 a
574 1757 787 1822 patribus
805 1754 1083 1821 jamdudum
1104 1771 1221 1817 puer
1240 1752 1406 1810 didici,
1427 1754 1680 1799 auscultate
1695 1788 1706 1808 ,
1728 1763 1774 1798 et
1796 1753 1942 1798 mira-

529 1837 677 1883 bilem
701 1836 853 1881 Deum
878 1835 925 1880 in
950 1833 1131 1879 Sanctis
1150 1833 1242 1878 suis
1263 1848 1447 1877 mecum
1468 1831 1778 1895 magnificate.

602 1911 886 1976 [557-596.]
908 1912 1034 1956 Dum
1052 1911 1193 1974 longe
1214 1909 1397 1973 lateque
1414 1908 1534 1954 sama
1555 1907 1678 1954 beati
1698 1908 1843 1971 patris
1862 1906 1945 1953 dis-

530 1990 809 2037 funderetur
842 1987 1054 2043 Ebrulfi,
1088 1986 1145 2032 ad
1172 1987 1293 2050 regis
1324 1986 1358 2030 F
1363 1986 1534 2032 ranciae
1572 1985 1788 2048 pervenit
1814 2001 1946 2030 aures

535 2067 844 2114 Childeberti.
868 2066 956 2125 Qui
982 2064 1130 2111 nimio
1151 2065 1342 2127 cupiens
1359 2063 1590 2110 desiderio
1611 2061 1768 2109 videre
1789 2062 1941 2118 illum,

537 2164 644 2193 cum
668 2161 814 2191 uxore
839 2162 916 2189 sua
942 2143 1011 2204 (5)
1036 2153 1082 2188 et
1104 2140 1336 2206 aliquibus
1359 2141 1416 2187 de
1439 2141 1609 2187 familia
1635 2158 1712 2185 sua
1737 2140 1947 2203 perrexit

538 2223 729 2269 Uticum
747 2222 837 2283 (4).
862 2220 1073 2283 Cumque
1093 2236 1239 2282 prope
1260 2219 1599 2265 monasterium
1622 2217 1708 2263 viri
1735 2217 1818 2262 Dei
1841 2234 1945 2281 per-

587 2368 638 2412 (1)
656 2366 760 2400 Cette
779 2363 999 2410 magnifique
1021 2364 1152 2409 pensee
1172 2362 1331 2410 rappelle
1351 2376 1400 2397 un
1418 2375 1489 2410 peu
1508 2362 1595 2396 celle
1613 2361 1657 2396 de
1675 2362 1707 2395 la
1726 2362 1826 2396 Bible
1842 2377 1849 2396 :
1867 2361 1949 2396 Om-

545 2439 608 2461 nes
627 2426 808 2465 morimur,
830 2429 864 2457 et
883 2429 1059 2469 tanquam
1076 2435 1184 2468 aquae
1203 2422 1410 2465 dilabimur,
1431 2434 1514 2469 quse
1532 2435 1604 2455 non
1623 2428 1862 2455 revertuntur.

589 2486 639 2530 (2)
656 2484 707 2518 Ce
724 2494 868 2529 passage
885 2494 904 2515 a
917 2483 974 2515 ete
994 2482 1085 2515 ecrit
1099 2493 1181 2516 sous
1194 2481 1227 2515 le
1244 2482 1354 2528 regne
1372 2481 1416 2515 de
1432 2480 1711 2523 Louis-le-Gros‚
1729 2487 1764 2514 et
1783 2493 1848 2527 par
1866 2493 1949 2515 con-

545 2547 696 2592 sequent
715 2549 819 2576 avant
837 2541 867 2575 le
887 2541 978 2575 mois
996 2540 1119 2574 d⁷aout
1141 2555 1151 2575 1
1164 2539 1240 2588 157,
1259 2542 1400 2588 epoque
1419 2540 1463 2574 de
1481 2540 1512 2574 la
1531 2547 1627 2574 mort
1646 2540 1691 2574 de
1707 2552 1747 2574 ce
1762 2541 1901 2586 prince.

592 2603 642 2650 (3)
667 2603 728 2638 On
752 2602 845 2636 avait
871 2600 1020 2634 d'abord
1045 2600 1166 2645 ajoutc'
1192 2601 1281 2635 dans
1302 2600 1335 2635 le
1358 2600 1554 2634 manuscrit
1579 2599 1624 2633 cle
1646 2600 1762 2634 Saint-
1772 2591 1919 2633 Evroult
1941 2616 1947 2633 z

548 2660 805 2699 Br1micln'lde,-
829 2660 916 2693 mais
934 2671 974 2693 ce
994 2666 1070 2693 mot
1088 2672 1105 2692 a
1125 2660 1266 2695 ensuite
1283 2661 1339 2694 ete
1359 2661 1488 2705 gratte.

595 2722 644 2768 (4)
662 2720 692 2754 Il
709 2719 798 2753 u’est
815 2730 876 2765 pas
896 2717 1000 2751 facile
1021 2717 1230 2765 d'indiquer
1248 2729 1330 2752 avec
1345 2717 1502 2765 quelque
1525 2717 1704 2764 precision
1724 2717 1889 2764 l'epoque
1907 2716 1952 2750 de

549 2788 641 2816 cette
671 2779 771 2813 visite
790 2777 833 2811 de
852 2776 1065 2811 Childebert
1089 2778 1119 2810 ll
1140 2785 1174 2811 vt
1193 2777 1237 2811 de
1256 2777 1287 2811 la
1307 2778 1405 2811 reine
1437 2776 1606 2811 Faileube
1633 2779 1650 2810 ἐι
1670 2777 1762 2811 saint
1783 2769 1928 2811 Evroult
1945 2791 1952 2817 ς,
