2033 3445
65 326 195 374 [mim
217 339 327 364 sumo
351 327 471 376 1097]
581 326 734 364 LIBER
764 327 946 365 NONUS.
1395 332 1472 371 549

64 411 395 458 subsannabat.
429 413 515 458 Ille
538 430 653 460 vero
681 415 911 477 perstitit,
946 426 990 461 et
1016 417 1324 482 jurejurando
1345 420 1473 465 astir-

63 487 232 545 mavit,
269 488 566 552 populusque
590 489 781 536 tandem
798 491 979 554 juranti
1004 492 1225 551 credidit,
1258 495 1473 560 viresque

62 566 281 630 pristinas
302 568 350 612 in
374 565 629 613 tolerandis
647 569 805 630 poenis
828 570 1094 632 resumpsit.

127 644 310 690 Interea
337 644 506 699 Turci,
539 644 620 708 qni
648 644 695 690 in
723 645 912 692 castello
936 657 1097 704 erant,
1135 646 1295 693 sedulo
1324 647 1475 694 Fran-

63 738 140 768 cos
166 721 495 777 incursabant,
525 733 571 768 et
597 722 661 767 illi
692 739 715 767 e
748 734 914 769 contra
948 741 1038 787 pro
1063 741 1196 787 posse
1227 742 1310 772 suo
1334 727 1475 772 resis-

62 799 242 845 tebant.
270 801 323 846 In
347 800 505 863 primo
526 799 752 847 conflictu
773 800 1004 865 Rogerius
1027 801 1084 848 de
1106 803 1373 850 Barnevilla
1399 822 1476 851 oc-

61 877 178 922 cisus
204 887 272 923 est
296 878 394 941 (1),
427 888 474 923 et
509 895 533 922 a
558 876 835 924 Christianis
868 880 913 924 in
940 879 1129 925 ecclesia
1155 880 1312 927 Sancti
1347 881 1473 927 Petri

60 970 167 999 cum
191 971 365 1017 magno
388 954 519 999 luctu
539 954 747 1017 sepultus
767 966 851 1001 est.
878 955 995 1001 Erat
1016 957 1144 1002 enim
1164 956 1338 1003 nobilis
1358 958 1476 1005 Nor-

58 1048 285 1086 mannus,
313 1031 541 1096 milesque
582 1032 780 1095 pulcher
813 1043 859 1079 et
899 1032 1221 1097 probissimus.
1263 1034 1471 1095 Quadam

58 1107 132 1154 die
173 1110 315 1155 Turci
353 1120 447 1155 tres
473 1109 765 1156 Christianos
788 1110 834 1156 in
873 1111 1075 1175 quadam
1100 1123 1232 1158 turre
1268 1113 1470 1159 incluse-

60 1197 196 1242 runt,
223 1204 311 1232 nec
333 1187 520 1243 Franci,
548 1187 935 1233 tribulationibus
957 1188 1260 1243 tabescentes,
1286 1190 1472 1236 inclusis

58 1262 383 1309 adminiculari
411 1265 504 1309 ausi
529 1265 737 1310 suerunt.
764 1266 870 1311 Duo
891 1283 947 1312 ex
979 1267 1041 1312 eis
1061 1268 1269 1330 graviter
1296 1268 1472 1313 vulne-

59 1340 146 1385 rati
172 1341 391 1387 exierunt
414 1341 469 1387 de
498 1352 646 1388 turre.
669 1343 804 1389 Solus
823 1344 960 1407 Hugo
986 1344 1302 1390 Forsennatus
1318 1381 1328 1401 ,
1353 1363 1473 1409 prae-

58 1418 199 1464 liator
222 1420 503 1474 acerrimus,
525 1418 583 1465 de
604 1420 813 1466 exercitu
833 1419 1082 1466 Godesredi
1103 1420 1159 1466 de
1178 1422 1473 1468 Monte-Sca-

58 1494 191 1541 bioso
207 1531 218 1550 ‚
242 1507 336 1542 tota
362 1490 445 1542 die'
460 1496 665 1542 viriliter
689 1496 896 1542 defendit
917 1514 980 1543 sc.
1002 1498 1177 1543 Stravit
1197 1499 1336 1544 etiam
1356 1498 1472 1546 duos

57 1574 255 1630 Turcos,
276 1575 419 1619 nullis
445 1573 685 1637 coadjutus
709 1575 918 1630 auxiliis,
947 1574 1023 1621 sed
1040 1575 1134 1621 sola
1155 1593 1296 1621 manu
1321 1592 1472 1639 perse-

57 1652 305 1716 quentium
342 1650 524 1698 obstitit
561 1652 746 1698 turmis.
774 1651 896 1698 Vere
920 1652 1007 1697 suit
1039 1651 1115 1698 hic
1149 1653 1224 1698 vir
1252 1652 1401 1699 audax
1427 1665 1473 1700 et

57 1731 404 1793 magnanimus,
428 1741 470 1775 et
494 1730 619 1775 inter
638 1747 801 1776 omnes
817 1729 1066 1776 bellicosos
1079 1731 1315 1794 praecipua
1336 1730 1470 1778 laude

56 1806 242 1871 dignus.
271 1807 440 1853 Nimiis
461 1807 802 1853 calamitatibus
826 1818 1058 1854 nostrates
1080 1818 1194 1853 tunc
1218 1809 1351 1854 fracti
1377 1808 1470 1854 sue-

56 1895 192 1941 runt,
221 1885 300 1948 qui
325 1902 472 1930 unum
498 1901 552 1930 ex
579 1885 669 1929 suis
694 1894 788 1930 tota
814 1883 888 1929 die
912 1895 1201 1948 pugnantem
1225 1883 1465 1940 viderunt,

57 1978 143 2008 nec
169 1974 531 2020 succurrerunt,
556 1963 837 2008 clamantem
856 1961 1132 2015 audierunt,
1156 1978 1243 2008 nec
1267 1978 1467 2026 respon-

55 2038 244 2086 derunt.
285 2041 404 2087 Cum
435 2040 573 2087 duces
604 2050 830 2086 vocarent
861 2039 1057 2096 milites,
1092 2056 1189 2086 non
1212 2040 1468 2086 convenie-

54 2117 196 2176 bant3
235 2136 341 2164 cum
375 2119 481 2164 litui
524 2119 820 2181 clangerent,
866 2118 913 2162 in
945 2116 1163 2164 domibus
1199 2115 1465 2163 latitabant.

54 2196 207 2242 Immo
220 2196 421 2243 inermes
432 2207 478 2243 et
492 2195 761 2253 exanimati,
784 2195 962 2241 bellum
974 2193 1055 2241 diu
1066 2205 1287 2259 rogatum
1300 2194 1467 2241 abhor-

55 2273 249 2331 rebant;
267 2275 477 2339 jamque,
504 2274 633 2320 velut
657 2273 915 2330 exanimes,
940 2273 1132 2337 inglorii
1162 2283 1208 2319 et
1232 2272 1461 2328 imbelles,

55 2352 176 2398 mori
200 2352 550 2416 praeoptabant.

118 2429 449 2488 Buamundus‚
486 2430 658 2493 aliique
691 2428 853 2483 duces,
879 2427 991 2473 dum
1028 2428 1287 2474 exercitum
1325 2427 1466 2473 nimis

54 2504 270 2552 defecisse
302 2506 543 2564 viderent,
574 2516 625 2551 ut
648 2522 725 2551 eos
764 2505 928 2550 saltem
965 2503 1022 2550 ad
1060 2522 1254 2551 murum
1290 2520 1461 2567 usque,

103 2716 216 2762 (1)Ce
231 2729 277 2751 ne
293 2717 416 2752 sui-ent
434 2718 539 2764 point
557 2717 605 2752 les
622 2718 739 2751 Turcs
756 2716 800 2752 de
818 2717 849 2751 la
866 2716 1043 2760 citadelle‚
1058 2718 1148 2751 mais
1163 2728 1251 2750 ceux
1265 2715 1316 2749 du
1330 2715 1463 2749 dehors

56 2776 117 2820 qui
138 2777 282 2810 tuerent
300 2776 423 2823 Roger
444 2776 488 2811 (le
506 2776 704 2811 ssa‘rncville
723 2776 784 2810 ders
803 2775 835 2811 lc
859 2776 881 2810 G
906 2776 994 2815 inai,
1022 2775 1296 2823 probablemcnt
1321 2774 1410 2808 (lans
1432 2773 1461 2807 lc

58 2836 185 2869 marnis
205 2836 317 2870 misin
338 2836 381 2870 (lc
400 2837 429 2871 la
452 2843 555 2883 porte
575 2836 621 2871 du
644 2837 774 2871 (clim-n.
