<?xml version="1.0" encoding="UTF-8"?>
<!DOCTYPE html PUBLIC "-//W3C//DTD XHTML 1.0 Transitional//EN"
    "http://www.w3.org/TR/xhtml1/DTD/xhtml1-transitional.dtd">
<html xmlns="http://www.w3.org/1999/xhtml" xml:lang="en" lang="en">
 <head>
  <title>
</title>
<meta http-equiv="Content-Type" content="text/html;charset=utf-8" />
  <meta name='ocr-system' content='tesseract 3.04.00' />
  <meta name='ocr-capabilities' content='ocr_page ocr_carea ocr_par ocr_line ocrx_word'/>
</head>
<body>
  <div class='ocr_page' id='page_1' title='image "./ordericivitalish03ordeuoft/ordericivitalish03ordeuoft_0686.png"; bbox 0 0 2085 3455; ppageno 0'>
   <div class='ocr_carea' id='block_1_1' title="bbox 560 373 1966 427">
    <p class='ocr_par' dir='ltr' id='par_1_1' title="bbox 560 373 1966 427">
     <span class='ocr_line' id='line_1_1' title="bbox 560 373 1966 427; baseline 0.003 -16"><span class='ocrx_word' id='word_1_1' title='bbox 560 374 638 412; x_wconf 80' lang='lat'><strong>556</strong></span> <span class='ocrx_word' id='word_1_2' title='bbox 831 373 1075 411; x_wconf 84' lang='lat' dir='ltr'><strong>HISTORIA</strong></span> <span class='ocrx_word' id='word_1_3' title='bbox 1106 374 1511 413; x_wconf 80' lang='lat' dir='ltr'>ECCLESIASTICA.</span> <span class='ocrx_word' id='word_1_4' title='bbox 1552 378 1829 425; x_wconf 75' lang='lat' dir='ltr'>[xxv1110J0N11</span> <span class='ocrx_word' id='word_1_5' title='bbox 1848 378 1966 427; x_wconf 84' lang='lat'>1098]</span> 
     </span>
    </p>
   </div>
   <div class='ocr_carea' id='block_1_2' title="bbox 553 460 1985 1456">
    <p class='ocr_par' dir='ltr' id='par_1_2' title="bbox 553 460 1985 1379">
     <span class='ocr_line' id='line_1_2' title="bbox 558 460 1970 527; baseline 0.004 -23"><span class='ocrx_word' id='word_1_6' title='bbox 558 460 700 505; x_wconf 85' lang='lat' dir='ltr'><strong>simus</strong></span> <span class='ocrx_word' id='word_1_7' title='bbox 720 477 898 516; x_wconf 75' lang='lat' dir='ltr'><strong>come5‚</strong></span> <span class='ocrx_word' id='word_1_8' title='bbox 925 479 1032 507; x_wconf 89' lang='lat' dir='ltr'><strong>cum</strong></span> <span class='ocrx_word' id='word_1_9' title='bbox 1058 480 1104 510; x_wconf 85' lang='lat' dir='ltr'><strong>lv</strong></span> <span class='ocrx_word' id='word_1_10' title='bbox 1124 462 1335 508; x_wconf 85' lang='lat' dir='ltr'><strong>millibus</strong></span> <span class='ocrx_word' id='word_1_11' title='bbox 1351 463 1723 510; x_wconf 86' lang='lat' dir='ltr'><strong>Teutonicorum</strong></span> <span class='ocrx_word' id='word_1_12' title='bbox 1743 473 1789 509; x_wconf 89' lang='lat' dir='ltr'><strong>et</strong></span> <span class='ocrx_word' id='word_1_13' title='bbox 1811 463 1970 527; x_wconf 86' lang='lat' dir='ltr'><strong>Bajoa-</strong></span> 
     </span>
     <span class='ocr_line' id='line_1_3' title="bbox 556 531 1970 604; baseline 0.004 -22"><span class='ocrx_word' id='word_1_14' title='bbox 556 531 759 583; x_wconf 69' lang='lat' dir='ltr'><strong>riorunzi.</strong></span> <span class='ocrx_word' id='word_1_15' title='bbox 783 539 838 584; x_wconf 90' lang='lat' dir='ltr'><strong>In</strong></span> <span class='ocrx_word' id='word_1_16' title='bbox 857 551 983 585; x_wconf 86' lang='lat' dir='ltr'><strong>sexta</strong></span> <span class='ocrx_word' id='word_1_17' title='bbox 1007 539 1297 597; x_wconf 75' lang='lat' dir='ltr'><strong>Tancredus,</strong></span> <span class='ocrx_word' id='word_1_18' title='bbox 1323 559 1429 587; x_wconf 88' lang='lat' dir='ltr'><strong>cum</strong></span> <span class='ocrx_word' id='word_1_19' title='bbox 1446 558 1494 587; x_wconf 86' lang='lat' dir='ltr'><strong>lv</strong></span> <span class='ocrx_word' id='word_1_20' title='bbox 1515 541 1725 587; x_wconf 84' lang='lat' dir='ltr'><strong>millibus</strong></span> <span class='ocrx_word' id='word_1_21' title='bbox 1745 540 1970 604; x_wconf 81' lang='lat' dir='ltr'><strong>Apulien-</strong></span> 
     </span>
     <span class='ocr_line' id='line_1_4' title="bbox 556 615 1966 681; baseline 0.004 -21"><span class='ocrx_word' id='word_1_22' title='bbox 556 615 694 660; x_wconf 88' lang='lat' dir='ltr'><strong>sium.</strong></span> <span class='ocrx_word' id='word_1_23' title='bbox 722 617 776 662; x_wconf 92' lang='lat' dir='ltr'><strong>In</strong></span> <span class='ocrx_word' id='word_1_24' title='bbox 802 618 999 680; x_wconf 85' lang='lat' dir='ltr'><strong>septima</strong></span> <span class='ocrx_word' id='word_1_25' title='bbox 1024 618 1351 675; x_wconf 79' lang='lat' dir='ltr'><strong>Buamundus,</strong></span> <span class='ocrx_word' id='word_1_26' title='bbox 1380 618 1476 664; x_wconf 82' lang='lat' dir='ltr'><strong>dux</strong></span> <span class='ocrx_word' id='word_1_27' title='bbox 1500 618 1711 681; x_wconf 65' lang='lat' dir='ltr'><strong>Apuliae,</strong></span> <span class='ocrx_word' id='word_1_28' title='bbox 1737 636 1846 665; x_wconf 81' lang='lat' dir='ltr'><strong>cum</strong></span> <span class='ocrx_word' id='word_1_29' title='bbox 1871 636 1966 666; x_wconf 89' lang='lat' dir='ltr'><strong>xxx</strong></span> 
     </span>
     <span class='ocr_line' id='line_1_5' title="bbox 555 693 1970 759; baseline 0.003 -21"><span class='ocrx_word' id='word_1_30' title='bbox 555 693 768 740; x_wconf 79' lang='lat' dir='ltr'><strong>miilibus</strong></span> <span class='ocrx_word' id='word_1_31' title='bbox 783 694 1215 759; x_wconf 78' lang='lat' dir='ltr'>Langobardorum</span> <span class='ocrx_word' id='word_1_32' title='bbox 1231 707 1277 742; x_wconf 85' lang='lat' dir='ltr'><strong>et</strong></span> <span class='ocrx_word' id='word_1_33' title='bbox 1295 696 1544 743; x_wconf 80' lang='lat' dir='ltr'><strong>Italorum.</strong></span> <span class='ocrx_word' id='word_1_34' title='bbox 1559 696 1766 742; x_wconf 85' lang='lat' dir='ltr'><strong>Ultimus</strong></span> <span class='ocrx_word' id='word_1_35' title='bbox 1785 696 1899 745; x_wconf 69' lang='lat' dir='ltr'><strong>exiit</strong></span> <span class='ocrx_word' id='word_1_36' title='bbox 1913 695 1970 742; x_wconf 88' lang='lat' dir='ltr'><strong>de</strong></span> 
     </span>
     <span class='ocr_line' id='line_1_6' title="bbox 554 770 1970 837; baseline 0.003 -21"><span class='ocrx_word' id='word_1_37' title='bbox 554 770 699 828; x_wconf 86' lang='lat' dir='ltr'><strong>urbe,</strong></span> <span class='ocrx_word' id='word_1_38' title='bbox 729 783 780 817; x_wconf 90' lang='lat' dir='ltr'><strong>ut</strong></span> <span class='ocrx_word' id='word_1_39' title='bbox 818 772 1040 818; x_wconf 87' lang='lat' dir='ltr'><strong>omnibus</strong></span> <span class='ocrx_word' id='word_1_40' title='bbox 1064 773 1363 836; x_wconf 79' lang='lat' dir='ltr'><strong>provideret,</strong></span> <span class='ocrx_word' id='word_1_41' title='bbox 1394 784 1441 820; x_wconf 85' lang='lat' dir='ltr'><strong>et</strong></span> <span class='ocrx_word' id='word_1_42' title='bbox 1473 773 1772 837; x_wconf 77' lang='lat' dir='ltr'><strong>singulorum</strong></span> <span class='ocrx_word' id='word_1_43' title='bbox 1803 773 1851 819; x_wconf 90' lang='lat' dir='ltr'><strong>in</strong></span> <span class='ocrx_word' id='word_1_44' title='bbox 1881 790 1970 820; x_wconf 89' lang='lat' dir='ltr'><strong>ne-</strong></span> 
     </span>
     <span class='ocr_line' id='line_1_7' title="bbox 554 849 1970 914; baseline 0.001 -20"><span class='ocrx_word' id='word_1_45' title='bbox 554 849 844 895; x_wconf 82' lang='lat' dir='ltr'><strong>cessitatibus</strong></span> <span class='ocrx_word' id='word_1_46' title='bbox 880 861 1005 895; x_wconf 83' lang='lat' dir='ltr'><strong>totus</strong></span> <span class='ocrx_word' id='word_1_47' title='bbox 1040 850 1234 897; x_wconf 79' lang='lat' dir='ltr'><strong>adesset.</strong></span> <span class='ocrx_word' id='word_1_48' title='bbox 1271 851 1563 897; x_wconf 86' lang='lat' dir='ltr'><strong>Raimundus</strong></span> <span class='ocrx_word' id='word_1_49' title='bbox 1597 851 1858 897; x_wconf 81' lang='lat' dir='ltr'><strong>Tolosanus</strong></span> <span class='ocrx_word' id='word_1_50' title='bbox 1897 852 1970 914; x_wconf 80' lang='lat'><strong>(1)</strong></span> 
     </span>
     <span class='ocr_line' id='line_1_8' title="bbox 553 927 1969 985; baseline 0.001 -12"><span class='ocrx_word' id='word_1_51' title='bbox 553 945 660 973; x_wconf 88' lang='lat' dir='ltr'><strong>cum</strong></span> <span class='ocrx_word' id='word_1_52' title='bbox 679 945 743 974; x_wconf 83' lang='lat' dir='ltr'><strong>xx</strong></span> <span class='ocrx_word' id='word_1_53' title='bbox 761 927 970 973; x_wconf 81' lang='lat' dir='ltr'><strong>millibus</strong></span> <span class='ocrx_word' id='word_1_54' title='bbox 986 927 1043 973; x_wconf 84' lang='lat' dir='ltr'><strong>ad</strong></span> <span class='ocrx_word' id='word_1_55' title='bbox 1060 927 1418 975; x_wconf 76' lang='lat' dir='ltr'><strong>custodiendam</strong></span> <span class='ocrx_word' id='word_1_56' title='bbox 1443 928 1614 975; x_wconf 84' lang='lat' dir='ltr'><strong>urbem</strong></span> <span class='ocrx_word' id='word_1_57' title='bbox 1636 929 1885 985; x_wconf 82' lang='lat' dir='ltr'><strong>remansit,</strong></span> <span class='ocrx_word' id='word_1_58' title='bbox 1910 945 1969 975; x_wconf 90' lang='lat' dir='ltr'><strong>ne</strong></span> 
     </span>
     <span class='ocr_line' id='line_1_9' title="bbox 553 1006 1967 1070; baseline 0.001 -20"><span class='ocrx_word' id='word_1_59' title='bbox 553 1006 776 1069; x_wconf 78' lang='lat' dir='ltr'><strong>gentiles,</strong></span> <span class='ocrx_word' id='word_1_60' title='bbox 814 1023 1023 1070; x_wconf 85' lang='lat' dir='ltr'><strong>quorum</strong></span> <span class='ocrx_word' id='word_1_61' title='bbox 1056 1006 1207 1052; x_wconf 78' lang='lat' dir='ltr'><strong>multa</strong></span> <span class='ocrx_word' id='word_1_62' title='bbox 1243 1007 1394 1053; x_wconf 88' lang='lat' dir='ltr'><strong>millia</strong></span> <span class='ocrx_word' id='word_1_63' title='bbox 1425 1018 1630 1053; x_wconf 78' lang='lat' dir='ltr'><strong>castrum</strong></span> <span class='ocrx_word' id='word_1_64' title='bbox 1660 1007 1817 1054; x_wconf 84' lang='lat' dir='ltr'><strong>Sancti</strong></span> <span class='ocrx_word' id='word_1_65' title='bbox 1841 1007 1967 1052; x_wconf 77' lang='lat' dir='ltr'><strong>Petri</strong></span> 
     </span>
     <span class='ocr_line' id='line_1_10' title="bbox 553 1083 1971 1142; baseline 0.001 -14"><span class='ocrx_word' id='word_1_66' title='bbox 553 1100 682 1129; x_wconf 85' lang='lat' dir='ltr'><strong>secus</strong></span> <span class='ocrx_word' id='word_1_67' title='bbox 702 1101 863 1130; x_wconf 85' lang='lat' dir='ltr'><strong>muros</strong></span> <span class='ocrx_word' id='word_1_68' title='bbox 888 1083 1144 1142; x_wconf 79' lang='lat' dir='ltr'><strong>tenebant,</strong></span> <span class='ocrx_word' id='word_1_69' title='bbox 1172 1084 1344 1131; x_wconf 84' lang='lat' dir='ltr'><strong>urbem</strong></span> <span class='ocrx_word' id='word_1_70' title='bbox 1365 1083 1660 1131; x_wconf 78' lang='lat' dir='ltr'><strong>invaderent.</strong></span> <span class='ocrx_word' id='word_1_71' title='bbox 1693 1084 1971 1130; x_wconf 80' lang='lat' dir='ltr'><strong>Christianis</strong></span> 
     </span>
     <span class='ocr_line' id='line_1_11' title="bbox 553 1160 1972 1226; baseline 0.001 -20"><span class='ocrx_word' id='word_1_72' title='bbox 553 1160 932 1224; x_wconf 78' lang='lat' dir='ltr'><strong>egredientibus,</strong></span> <span class='ocrx_word' id='word_1_73' title='bbox 957 1161 1164 1225; x_wconf 78' lang='lat' dir='ltr'><strong>episcopi</strong></span> <span class='ocrx_word' id='word_1_74' title='bbox 1205 1173 1252 1208; x_wconf 87' lang='lat' dir='ltr'><strong>et</strong></span> <span class='ocrx_word' id='word_1_75' title='bbox 1287 1161 1549 1226; x_wconf 76' lang='lat' dir='ltr'><strong>presbyteri</strong></span> <span class='ocrx_word' id='word_1_76' title='bbox 1582 1162 1972 1209; x_wconf 80' lang='lat' dir='ltr'><strong>sermocinaban-</strong></span> 
     </span>
     <span class='ocr_line' id='line_1_12' title="bbox 553 1238 1972 1302; baseline 0.001 -20"><span class='ocrx_word' id='word_1_77' title='bbox 553 1248 648 1294; x_wconf 84' lang='lat' dir='ltr'><strong>tur,</strong></span> <span class='ocrx_word' id='word_1_78' title='bbox 687 1248 733 1282; x_wconf 89' lang='lat' dir='ltr'><strong>et</strong></span> <span class='ocrx_word' id='word_1_79' title='bbox 763 1238 990 1294; x_wconf 82' lang='lat' dir='ltr'><strong>orabant,</strong></span> <span class='ocrx_word' id='word_1_80' title='bbox 1026 1250 1071 1284; x_wconf 85' lang='lat' dir='ltr'><strong>et</strong></span> <span class='ocrx_word' id='word_1_81' title='bbox 1106 1239 1242 1302; x_wconf 78' lang='lat' dir='ltr'><strong>signo</strong></span> <span class='ocrx_word' id='word_1_82' title='bbox 1274 1238 1548 1284; x_wconf 58' lang='lat' dir='ltr'><strong>reverendae*</strong></span> <span class='ocrx_word' id='word_1_83' title='bbox 1580 1240 1754 1296; x_wconf 80' lang='lat' dir='ltr'><strong>crucis,</strong></span> <span class='ocrx_word' id='word_1_84' title='bbox 1792 1239 1839 1285; x_wconf 90' lang='lat' dir='ltr'><strong>in</strong></span> <span class='ocrx_word' id='word_1_85' title='bbox 1869 1238 1972 1284; x_wconf 88' lang='lat' dir='ltr'><strong>edi-</strong></span> 
     </span>
     <span class='ocr_line' id='line_1_13' title="bbox 555 1313 1985 1379; baseline 0.002 -21"><span class='ocrx_word' id='word_1_86' title='bbox 555 1313 756 1360; x_wconf 85' lang='lat' dir='ltr'><strong>tioribus</strong></span> <span class='ocrx_word' id='word_1_87' title='bbox 777 1325 952 1360; x_wconf 84' lang='lat' dir='ltr'><strong>stantes</strong></span> <span class='ocrx_word' id='word_1_88' title='bbox 972 1315 1106 1370; x_wconf 86' lang='lat' dir='ltr'><strong>locis,</strong></span> <span class='ocrx_word' id='word_1_89' title='bbox 1134 1331 1297 1361; x_wconf 88' lang='lat' dir='ltr'><strong>omnes</strong></span> <span class='ocrx_word' id='word_1_90' title='bbox 1317 1314 1680 1379; x_wconf 80' lang='lat' dir='ltr'><strong>consignabant.</strong></span> <span class='ocrx_word' id='word_1_91' title='bbox 1972 1352 1985 1371; x_wconf 57' lang='lat' dir='ltr'>x</span> 
     </span>
    </p>

    <p class='ocr_par' dir='ltr' id='par_1_3' title="bbox 616 1390 1970 1456">
     <span class='ocr_line' id='line_1_14' title="bbox 616 1390 1970 1456; baseline 0.003 -21"><span class='ocrx_word' id='word_1_92' title='bbox 616 1390 741 1436; x_wconf 83' lang='lat' dir='ltr'><strong>Dum</strong></span> <span class='ocrx_word' id='word_1_93' title='bbox 767 1390 984 1438; x_wconf 84' lang='lat' dir='ltr'><strong>ordinate</strong></span> <span class='ocrx_word' id='word_1_94' title='bbox 1002 1409 1088 1456; x_wconf 79' lang='lat' dir='ltr'><strong>per</strong></span> <span class='ocrx_word' id='word_1_95' title='bbox 1112 1402 1326 1455; x_wconf 75' lang='lat' dir='ltr'><strong>portam,</strong></span> <span class='ocrx_word' id='word_1_96' title='bbox 1351 1410 1456 1456; x_wconf 84' lang='lat' dir='ltr'><strong>quae</strong></span> <span class='ocrx_word' id='word_1_97' title='bbox 1481 1403 1549 1438; x_wconf 83' lang='lat' dir='ltr'><strong>est</strong></span> <span class='ocrx_word' id='word_1_98' title='bbox 1571 1403 1678 1438; x_wconf 85' lang='lat' dir='ltr'><strong>ante</strong></span> <span class='ocrx_word' id='word_1_99' title='bbox 1702 1391 1970 1439; x_wconf 81' lang='lat' dir='ltr'><strong>Machoma-</strong></span> 
     </span>
    </p>
   </div>
   <div class='ocr_carea' id='block_1_3' title="bbox 548 1573 1973 2870">
    <p class='ocr_par' dir='ltr' id='par_1_4' title="bbox 548 1573 1973 2800">
     <span class='ocr_line' id='line_1_15' title="bbox 551 1573 1969 1619; baseline 0.001 -14"><span class='ocrx_word' id='word_1_100' title='bbox 551 1573 600 1606; x_wconf 81' lang='lat' dir='ltr'><strong>In</strong></span> <span class='ocrx_word' id='word_1_101' title='bbox 617 1573 839 1619; x_wconf 74' lang='lat' dir='ltr'><strong>quinlajieit</strong></span> <span class='ocrx_word' id='word_1_102' title='bbox 864 1573 1099 1616; x_wconf 57' lang='lat' dir='ltr'><strong>Tanwvdus,</strong></span> <span class='ocrx_word' id='word_1_103' title='bbox 1119 1574 1427 1619; x_wconf 70' lang='lat' dir='ltr'><strong>marelzisifilias,</strong></span> <span class='ocrx_word' id='word_1_104' title='bbox 1448 1580 1482 1607; x_wconf 79' lang='lat' dir='ltr'><strong>el</strong></span> <span class='ocrx_word' id='word_1_105' title='bbox 1504 1574 1639 1607; x_wconf 61' lang='lat' dir='ltr'><strong>Garios</strong></span> <span class='ocrx_word' id='word_1_106' title='bbox 1659 1573 1704 1607; x_wconf 82' lang='lat' dir='ltr'><strong>(le</strong></span> <span class='ocrx_word' id='word_1_107' title='bbox 1724 1573 1847 1607; x_wconf 70' lang='lat' dir='ltr'><strong>Bearn</strong></span> <span class='ocrx_word' id='word_1_108' title='bbox 1856 1601 1868 1617; x_wconf 80' lang='lat'><strong>,</strong></span> <span class='ocrx_word' id='word_1_109' title='bbox 1888 1586 1969 1606; x_wconf 77' lang='lat' dir='ltr'><strong>eum</strong></span> 
     </span>
     <span class='ocr_line' id='line_1_16' title="bbox 552 1629 1968 1678; baseline 0.001 -13"><span class='ocrx_word' id='word_1_110' title='bbox 552 1645 619 1665; x_wconf 73' lang='lat' dir='ltr'><strong>sua</strong></span> <span class='ocrx_word' id='word_1_111' title='bbox 633 1638 741 1677; x_wconf 68' lang='lat' dir='ltr'><strong>gente</strong></span> <span class='ocrx_word' id='word_1_112' title='bbox 751 1660 758 1674; x_wconf 83' lang='lat'><strong>,</strong></span> <span class='ocrx_word' id='word_1_113' title='bbox 778 1638 812 1665; x_wconf 84' lang='lat' dir='ltr'><strong>et</strong></span> <span class='ocrx_word' id='word_1_114' title='bbox 826 1645 906 1666; x_wconf 77' lang='lat' dir='ltr'><strong>cum</strong></span> <span class='ocrx_word' id='word_1_115' title='bbox 922 1639 1030 1678; x_wconf 76' lang='lat' dir='ltr'><strong>gente</strong></span> <span class='ocrx_word' id='word_1_116' title='bbox 1043 1633 1289 1667; x_wconf 74' lang='lat' dir='ltr'><strong>Pictaviensis</strong></span> <span class='ocrx_word' id='word_1_117' title='bbox 1303 1634 1458 1675; x_wconf 77' lang='lat' dir='ltr'><strong>comilis,</strong></span> <span class='ocrx_word' id='word_1_118' title='bbox 1476 1632 1530 1666; x_wconf 77' lang='lat' dir='ltr'><strong>dit</strong></span> <span class='ocrx_word' id='word_1_119' title='bbox 1544 1633 1670 1666; x_wconf 83' lang='lat' dir='ltr'><strong>Pierre</strong></span> <span class='ocrx_word' id='word_1_120' title='bbox 1684 1631 1900 1666; x_wconf 82' lang='lat' dir='ltr'><strong>Tudebode.</strong></span> <span class='ocrx_word' id='word_1_121' title='bbox 1917 1629 1968 1666; x_wconf 87' lang='lat' dir='ltr'><strong>Ce</strong></span> 
     </span>
     <span class='ocr_line' id='line_1_17' title="bbox 552 1689 1968 1737; baseline 0.001 -15"><span class='ocrx_word' id='word_1_122' title='bbox 552 1689 641 1736; x_wconf 86' lang='lat' dir='ltr'><strong>qu⁷il</strong></span> <span class='ocrx_word' id='word_1_123' title='bbox 665 1702 687 1736; x_wconf 86' lang='lat' dir='ltr'>y</span> <span class='ocrx_word' id='word_1_124' title='bbox 713 1690 810 1723; x_wconf 76' lang='lat' dir='ltr'><strong>avait</strong></span> <span class='ocrx_word' id='word_1_125' title='bbox 833 1689 1082 1724; x_wconf 76' lang='lat' dir='ltr'><strong>d&#39;Allemands</strong></span> <span class='ocrx_word' id='word_1_126' title='bbox 1103 1697 1140 1724; x_wconf 79' lang='lat' dir='ltr'><strong>et</strong></span> <span class='ocrx_word' id='word_1_127' title='bbox 1160 1689 1205 1724; x_wconf 87' lang='lat' dir='ltr'><strong>de</strong></span> <span class='ocrx_word' id='word_1_128' title='bbox 1228 1691 1399 1737; x_wconf 67' lang='lat' dir='ltr'><strong>Franqais</strong></span> <span class='ocrx_word' id='word_1_129' title='bbox 1422 1691 1612 1724; x_wconf 76' lang='lat' dir='ltr'><strong>orientaux</strong></span> <span class='ocrx_word' id='word_1_130' title='bbox 1636 1690 1754 1723; x_wconf 83' lang='lat' dir='ltr'><strong>faisait</strong></span> <span class='ocrx_word' id='word_1_131' title='bbox 1778 1690 1894 1736; x_wconf 81' lang='lat' dir='ltr'><strong>partie</strong></span> <span class='ocrx_word' id='word_1_132' title='bbox 1919 1689 1968 1723; x_wconf 88' lang='lat' dir='ltr'><strong>du</strong></span> 
     </span>
     <span class='ocr_line' id='line_1_18' title="bbox 551 1748 1966 1796; baseline 0 -14"><span class='ocrx_word' id='word_1_133' title='bbox 551 1761 657 1795; x_wconf 81' lang='lat' dir='ltr'><strong>corps</strong></span> <span class='ocrx_word' id='word_1_134' title='bbox 681 1748 840 1783; x_wconf 71' lang='lat' dir='ltr'><strong>d’arinee</strong></span> <span class='ocrx_word' id='word_1_135' title='bbox 866 1748 911 1783; x_wconf 85' lang='lat' dir='ltr'><strong>de</strong></span> <span class='ocrx_word' id='word_1_136' title='bbox 935 1748 1127 1784; x_wconf 85' lang='lat' dir='ltr'><strong>Godcfroi.</strong></span> <span class='ocrx_word' id='word_1_137' title='bbox 1151 1749 1201 1784; x_wconf 86' lang='lat' dir='ltr'><strong>Cc</strong></span> <span class='ocrx_word' id='word_1_138' title='bbox 1230 1762 1275 1784; x_wconf 87' lang='lat' dir='ltr'><strong>ne</strong></span> <span class='ocrx_word' id='word_1_139' title='bbox 1298 1749 1354 1783; x_wconf 80' lang='lat' dir='ltr'><strong>sut</strong></span> <span class='ocrx_word' id='word_1_140' title='bbox 1374 1761 1444 1796; x_wconf 77' lang='lat' dir='ltr'><strong>quc</strong></span> <span class='ocrx_word' id='word_1_141' title='bbox 1467 1749 1548 1795; x_wconf 82' lang='lat' dir='ltr'><strong>plus</strong></span> <span class='ocrx_word' id='word_1_142' title='bbox 1569 1748 1668 1792; x_wconf 79' lang='lat' dir='ltr'><strong>tard,</strong></span> <span class='ocrx_word' id='word_1_143' title='bbox 1691 1755 1726 1783; x_wconf 84' lang='lat' dir='ltr'><strong>et</strong></span> <span class='ocrx_word' id='word_1_144' title='bbox 1744 1751 1763 1782; x_wconf 79' lang='lat' dir='ltr'><strong>a</strong></span> <span class='ocrx_word' id='word_1_145' title='bbox 1782 1748 1814 1782; x_wconf 86' lang='lat' dir='ltr'><strong>la</strong></span> <span class='ocrx_word' id='word_1_146' title='bbox 1834 1761 1900 1782; x_wconf 81' lang='lat' dir='ltr'><strong>vue</strong></span> <span class='ocrx_word' id='word_1_147' title='bbox 1919 1748 1966 1782; x_wconf 88' lang='lat' dir='ltr'><strong>du</strong></span> 
     </span>
     <span class='ocr_line' id='line_1_19' title="bbox 550 1808 1969 1856; baseline 0 -14"><span class='ocrx_word' id='word_1_148' title='bbox 550 1808 636 1854; x_wconf 84' lang='lat' dir='ltr'><strong>plan</strong></span> <span class='ocrx_word' id='word_1_149' title='bbox 659 1808 705 1842; x_wconf 87' lang='lat' dir='ltr'><strong>de</strong></span> <span class='ocrx_word' id='word_1_150' title='bbox 730 1808 877 1842; x_wconf 80' lang='lat' dir='ltr'><strong>bataille</strong></span> <span class='ocrx_word' id='word_1_151' title='bbox 904 1808 967 1842; x_wconf 82' lang='lat' dir='ltr'><strong>des</strong></span> <span class='ocrx_word' id='word_1_152' title='bbox 990 1808 1220 1843; x_wconf 82' lang='lat' dir='ltr'><strong>Musulmans</strong></span> <span class='ocrx_word' id='word_1_153' title='bbox 1241 1810 1323 1856; x_wconf 82' lang='lat' dir='ltr'><strong>(qui</strong></span> <span class='ocrx_word' id='word_1_154' title='bbox 1351 1809 1489 1843; x_wconf 83' lang='lat' dir='ltr'><strong>tendait</strong></span> <span class='ocrx_word' id='word_1_155' title='bbox 1507 1811 1524 1843; x_wconf 70' lang='lat' dir='ltr'><strong>a</strong></span> <span class='ocrx_word' id='word_1_156' title='bbox 1543 1821 1679 1854; x_wconf 83' lang='lat' dir='ltr'><strong>couper</strong></span> <span class='ocrx_word' id='word_1_157' title='bbox 1700 1816 1801 1843; x_wconf 76' lang='lat' dir='ltr'><strong>toute</strong></span> <span class='ocrx_word' id='word_1_158' title='bbox 1820 1809 1969 1843; x_wconf 82' lang='lat' dir='ltr'><strong>retraite</strong></span> 
     </span>
     <span class='ocr_line' id='line_1_20' title="bbox 551 1868 1970 1911; baseline 0 -9"><span class='ocrx_word' id='word_1_159' title='bbox 551 1881 619 1902; x_wconf 77' lang='lat' dir='ltr'><strong>aux</strong></span> <span class='ocrx_word' id='word_1_160' title='bbox 644 1868 798 1910; x_wconf 77' lang='lat' dir='ltr'><strong>croises,</strong></span> <span class='ocrx_word' id='word_1_161' title='bbox 823 1869 893 1902; x_wconf 78' lang='lat' dir='ltr'><strong>soit</strong></span> <span class='ocrx_word' id='word_1_162' title='bbox 918 1880 996 1902; x_wconf 74' lang='lat' dir='ltr'><strong>vers</strong></span> <span class='ocrx_word' id='word_1_163' title='bbox 1022 1869 1224 1911; x_wconf 75' lang='lat' dir='ltr'><strong>Antioche,</strong></span> <span class='ocrx_word' id='word_1_164' title='bbox 1252 1869 1319 1903; x_wconf 79' lang='lat' dir='ltr'><strong>soit</strong></span> <span class='ocrx_word' id='word_1_165' title='bbox 1339 1881 1418 1903; x_wconf 75' lang='lat' dir='ltr'><strong>vers</strong></span> <span class='ocrx_word' id='word_1_166' title='bbox 1436 1868 1469 1902; x_wconf 90' lang='grc'><strong>16</strong></span> <span class='ocrx_word' id='word_1_167' title='bbox 1491 1869 1581 1902; x_wconf 83' lang='lat' dir='ltr'><strong>Port</strong></span> <span class='ocrx_word' id='word_1_168' title='bbox 1603 1868 1896 1911; x_wconf 77' lang='lat' dir='ltr'><strong>Saint-Simeon,</strong></span> <span class='ocrx_word' id='word_1_169' title='bbox 1924 1881 1970 1902; x_wconf 88' lang='lat' dir='ltr'><strong>au</strong></span> 
     </span>
     <span class='ocr_line' id='line_1_21' title="bbox 549 1928 1970 1975; baseline 0.001 -13"><span class='ocrx_word' id='word_1_170' title='bbox 549 1941 683 1975; x_wconf 55' lang='lat' dir='ltr'><strong>moyen</strong></span> <span class='ocrx_word' id='word_1_171' title='bbox 707 1928 795 1962; x_wconf 67' lang='lat' dir='ltr'><strong>d&#39;un</strong></span> <span class='ocrx_word' id='word_1_172' title='bbox 822 1940 928 1975; x_wconf 80' lang='lat' dir='ltr'><strong>corps</strong></span> <span class='ocrx_word' id='word_1_173' title='bbox 952 1928 1111 1963; x_wconf 53' lang='lat' dir='ltr'><strong>dlv-nice</strong></span> <span class='ocrx_word' id='word_1_174' title='bbox 1136 1928 1256 1975; x_wconf 76' lang='lat' dir='ltr'><strong>dirige</strong></span> <span class='ocrx_word' id='word_1_175' title='bbox 1281 1928 1343 1963; x_wconf 82' lang='lat' dir='ltr'><strong>des</strong></span> <span class='ocrx_word' id='word_1_176' title='bbox 1367 1929 1479 1963; x_wconf 77' lang='lat' dir='ltr'><strong>bords</strong></span> <span class='ocrx_word' id='word_1_177' title='bbox 1500 1928 1545 1962; x_wconf 85' lang='lat' dir='ltr'><strong>de</strong></span> <span class='ocrx_word' id='word_1_178' title='bbox 1565 1928 1598 1963; x_wconf 86' lang='lat' dir='ltr'><strong>Ia</strong></span> <span class='ocrx_word' id='word_1_179' title='bbox 1618 1941 1696 1963; x_wconf 81' lang='lat' dir='ltr'><strong>mer</strong></span> <span class='ocrx_word' id='word_1_180' title='bbox 1719 1941 1797 1963; x_wconf 79' lang='lat' dir='ltr'><strong>vers</strong></span> <span class='ocrx_word' id='word_1_181' title='bbox 1821 1928 1854 1963; x_wconf 86' lang='grc'><strong>16</strong></span> <span class='ocrx_word' id='word_1_182' title='bbox 1878 1935 1970 1975; x_wconf 82' lang='lat' dir='ltr'><strong>pont</strong></span> 
     </span>
     <span class='ocr_line' id='line_1_22' title="bbox 550 1988 1968 2036; baseline 0 -14"><span class='ocrx_word' id='word_1_183' title='bbox 550 1988 790 2031; x_wconf 62' lang='lat' dir='ltr'><strong>d&#39;Antioche,</strong></span> <span class='ocrx_word' id='word_1_184' title='bbox 820 1988 853 2022; x_wconf 92' lang='grc'><strong>16</strong></span> <span class='ocrx_word' id='word_1_185' title='bbox 878 1989 964 2034; x_wconf 75' lang='lat' dir='ltr'><strong>long</strong></span> <span class='ocrx_word' id='word_1_186' title='bbox 989 1988 1033 2023; x_wconf 88' lang='lat' dir='ltr'><strong>dc</strong></span> <span class='ocrx_word' id='word_1_187' title='bbox 1060 1989 1092 2022; x_wconf 80' lang='lat' dir='ltr'><strong>la</strong></span> <span class='ocrx_word' id='word_1_188' title='bbox 1112 1989 1187 2023; x_wconf 75' lang='lat' dir='ltr'><strong>rive</strong></span> <span class='ocrx_word' id='word_1_189' title='bbox 1208 1988 1329 2023; x_wconf 71' lang='grc' dir='ltr'><strong>(ΙΙ-0116</strong></span> <span class='ocrx_word' id='word_1_190' title='bbox 1347 1988 1391 2023; x_wconf 85' lang='grc'><strong>(16</strong></span> <span class='ocrx_word' id='word_1_191' title='bbox 1411 1988 1622 2036; x_wconf 77' lang='grc' dir='ltr'><strong>1Ὀιόηῒ6),</strong></span> <span class='ocrx_word' id='word_1_192' title='bbox 1645 1989 1755 2036; x_wconf 84' lang='lat' dir='ltr'><strong>qu&#39;on</strong></span> <span class='ocrx_word' id='word_1_193' title='bbox 1774 1988 1968 2035; x_wconf 79' lang='lat' dir='ltr'><strong>improvisa</strong></span> 
     </span>
     <span class='ocr_line' id='line_1_23' title="bbox 550 2047 1971 2096; baseline 0 -14"><span class='ocrx_word' id='word_1_194' title='bbox 550 2061 600 2082; x_wconf 88' lang='lat' dir='ltr'><strong>un</strong></span> <span class='ocrx_word' id='word_1_195' title='bbox 620 2050 795 2096; x_wconf 71' lang='lat' dir='ltr'><strong>septiemc</strong></span> <span class='ocrx_word' id='word_1_196' title='bbox 810 2061 916 2095; x_wconf 82' lang='lat' dir='ltr'><strong>corps</strong></span> <span class='ocrx_word' id='word_1_197' title='bbox 935 2049 1114 2092; x_wconf 74' lang='lat' dir='ltr'><strong>d’arinee,</strong></span> <span class='ocrx_word' id='word_1_198' title='bbox 1138 2050 1254 2083; x_wconf 79' lang='lat' dir='ltr'><strong>forme</strong></span> <span class='ocrx_word' id='word_1_199' title='bbox 1269 2061 1337 2083; x_wconf 82' lang='lat' dir='ltr'><strong>aux</strong></span> <span class='ocrx_word' id='word_1_200' title='bbox 1354 2049 1490 2095; x_wconf 81' lang='lat' dir='ltr'><strong>depens</strong></span> <span class='ocrx_word' id='word_1_201' title='bbox 1508 2048 1553 2083; x_wconf 88' lang='lat' dir='ltr'><strong>de</strong></span> <span class='ocrx_word' id='word_1_202' title='bbox 1570 2061 1661 2083; x_wconf 79' lang='lat' dir='ltr'><strong>ceux</strong></span> <span class='ocrx_word' id='word_1_203' title='bbox 1677 2048 1721 2083; x_wconf 89' lang='lat' dir='ltr'><strong>de</strong></span> <span class='ocrx_word' id='word_1_204' title='bbox 1738 2047 1916 2083; x_wconf 80' lang='lat' dir='ltr'><strong>Godefroi</strong></span> <span class='ocrx_word' id='word_1_205' title='bbox 1935 2055 1971 2082; x_wconf 88' lang='lat' dir='ltr'><strong>et</strong></span> 
     </span>
     <span class='ocr_line' id='line_1_24' title="bbox 549 2106 1969 2155; baseline 0.001 -14"><span class='ocrx_word' id='word_1_206' title='bbox 549 2108 600 2142; x_wconf 84' lang='lat' dir='ltr'><strong>du</strong></span> <span class='ocrx_word' id='word_1_207' title='bbox 616 2108 687 2143; x_wconf 87' lang='lat' dir='ltr'><strong>‹luc</strong></span> <span class='ocrx_word' id='word_1_208' title='bbox 703 2108 748 2143; x_wconf 85' lang='lat' dir='ltr'><strong>de</strong></span> <span class='ocrx_word' id='word_1_209' title='bbox 768 2108 1013 2150; x_wconf 71' lang='lat' dir='ltr'><strong>Normaudie,</strong></span> <span class='ocrx_word' id='word_1_210' title='bbox 1034 2109 1097 2155; x_wconf 86' lang='lat' dir='ltr'><strong>qui</strong></span> <span class='ocrx_word' id='word_1_211' title='bbox 1116 2108 1174 2144; x_wconf 82' lang='lat' dir='ltr'><strong>fut</strong></span> <span class='ocrx_word' id='word_1_212' title='bbox 1192 2108 1409 2142; x_wconf 56' lang='lat' dir='ltr'><strong>command&amp;</strong></span> <span class='ocrx_word' id='word_1_213' title='bbox 1422 2121 1487 2154; x_wconf 86' lang='lat' dir='ltr'><strong>par</strong></span> <span class='ocrx_word' id='word_1_214' title='bbox 1502 2107 1536 2142; x_wconf 89' lang='grc'><strong>16</strong></span> <span class='ocrx_word' id='word_1_215' title='bbox 1549 2114 1668 2142; x_wconf 87' lang='lat' dir='ltr'><strong>comte</strong></span> <span class='ocrx_word' id='word_1_216' title='bbox 1684 2107 1729 2142; x_wconf 82' lang='lat' dir='ltr'><strong>de</strong></span> <span class='ocrx_word' id='word_1_217' title='bbox 1746 2106 1854 2142; x_wconf 86' lang='lat' dir='ltr'><strong>Toul.</strong></span> <span class='ocrx_word' id='word_1_218' title='bbox 1874 2106 1969 2142; x_wconf 85' lang='lat' dir='ltr'><strong>C⁷est</strong></span> 
     </span>
     <span class='ocr_line' id='line_1_25' title="bbox 549 2165 1969 2213; baseline 0 -13"><span class='ocrx_word' id='word_1_219' title='bbox 549 2178 590 2201; x_wconf 92' lang='grc'><strong>66</strong></span> <span class='ocrx_word' id='word_1_220' title='bbox 615 2178 687 2213; x_wconf 87' lang='lat' dir='ltr'><strong>que</strong></span> <span class='ocrx_word' id='word_1_221' title='bbox 715 2174 821 2201; x_wconf 80' lang='lat' dir='ltr'><strong>notre</strong></span> <span class='ocrx_word' id='word_1_222' title='bbox 847 2174 979 2201; x_wconf 76' lang='lat' dir='ltr'><strong>auteur</strong></span> <span class='ocrx_word' id='word_1_223' title='bbox 1005 2166 1200 2201; x_wconf 67' lang='lat' dir='ltr'><strong>lui-meme</strong></span> <span class='ocrx_word' id='word_1_224' title='bbox 1227 2179 1267 2199; x_wconf 80' lang='lat' dir='ltr'><strong>va</strong></span> <span class='ocrx_word' id='word_1_225' title='bbox 1290 2178 1383 2200; x_wconf 83' lang='lat' dir='ltr'><strong>nous</strong></span> <span class='ocrx_word' id='word_1_226' title='bbox 1405 2166 1501 2209; x_wconf 81' lang='lat' dir='ltr'><strong>dire,</strong></span> <span class='ocrx_word' id='word_1_227' title='bbox 1525 2166 1614 2200; x_wconf 82' lang='lat' dir='ltr'><strong>mais</strong></span> <span class='ocrx_word' id='word_1_228' title='bbox 1637 2177 1682 2199; x_wconf 87' lang='lat' dir='ltr'><strong>en</strong></span> <span class='ocrx_word' id='word_1_229' title='bbox 1706 2165 1837 2199; x_wconf 85' lang='lat' dir='ltr'><strong>faisant</strong></span> <span class='ocrx_word' id='word_1_230' title='bbox 1860 2165 1905 2200; x_wconf 85' lang='lat' dir='ltr'><strong>de</strong></span> <span class='ocrx_word' id='word_1_231' title='bbox 1929 2178 1969 2200; x_wconf 90' lang='lat' dir='ltr'><strong>ce</strong></span> 
     </span>
     <span class='ocr_line' id='line_1_26' title="bbox 550 2224 1968 2272; baseline 0 -12"><span class='ocrx_word' id='word_1_232' title='bbox 550 2226 670 2261; x_wconf 69' lang='lat' dir='ltr'><strong>meme</strong></span> <span class='ocrx_word' id='word_1_233' title='bbox 691 2233 810 2260; x_wconf 75' lang='lat' dir='ltr'><strong>comte</strong></span> <span class='ocrx_word' id='word_1_234' title='bbox 835 2226 930 2260; x_wconf 85' lang='lat' dir='ltr'><strong>deux</strong></span> <span class='ocrx_word' id='word_1_235' title='bbox 955 2238 1218 2272; x_wconf 80' lang='lat' dir='ltr'><strong>personnages,</strong></span> <span class='ocrx_word' id='word_1_236' title='bbox 1244 2225 1336 2261; x_wconf 89' lang='lat' dir='ltr'><strong>dont</strong></span> <span class='ocrx_word' id='word_1_237' title='bbox 1360 2226 1384 2260; x_wconf 88' lang='lat' dir='ltr'><strong>il</strong></span> <span class='ocrx_word' id='word_1_238' title='bbox 1412 2227 1483 2260; x_wconf 78' lang='lat' dir='ltr'><strong>cite</strong></span> <span class='ocrx_word' id='word_1_239' title='bbox 1505 2225 1580 2260; x_wconf 88' lang='lat' dir='ltr'><strong>l&#39;un</strong></span> <span class='ocrx_word' id='word_1_240' title='bbox 1604 2238 1687 2259; x_wconf 81' lang='lat' dir='ltr'><strong>avec</strong></span> <span class='ocrx_word' id='word_1_241' title='bbox 1710 2225 1900 2271; x_wconf 79' lang='lat' dir='ltr'><strong>beaucoup</strong></span> <span class='ocrx_word' id='word_1_242' title='bbox 1923 2224 1968 2260; x_wconf 89' lang='lat' dir='ltr'><strong>de</strong></span> 
     </span>
     <span class='ocr_line' id='line_1_27' title="bbox 551 2284 1969 2333; baseline -0.001 -13"><span class='ocrx_word' id='word_1_243' title='bbox 551 2293 711 2333; x_wconf 76' lang='lat' dir='ltr'><strong>respect,</strong></span> <span class='ocrx_word' id='word_1_244' title='bbox 739 2285 860 2320; x_wconf 80' lang='lat' dir='ltr'><strong>tandis</strong></span> <span class='ocrx_word' id='word_1_245' title='bbox 881 2286 969 2332; x_wconf 82' lang='lat' dir='ltr'><strong>qu&#39;il</strong></span> <span class='ocrx_word' id='word_1_246' title='bbox 994 2287 1102 2321; x_wconf 82' lang='lat' dir='ltr'><strong>traite</strong></span> <span class='ocrx_word' id='word_1_247' title='bbox 1125 2286 1253 2321; x_wconf 81' lang='lat' dir='ltr'><strong>l&#39;autre</strong></span> <span class='ocrx_word' id='word_1_248' title='bbox 1279 2298 1362 2321; x_wconf 77' lang='lat' dir='ltr'><strong>avec</strong></span> <span class='ocrx_word' id='word_1_249' title='bbox 1386 2298 1458 2320; x_wconf 86' lang='lat' dir='ltr'><strong>une</strong></span> <span class='ocrx_word' id='word_1_250' title='bbox 1479 2285 1640 2333; x_wconf 75' lang='lat' dir='ltr'><strong>legerete</strong></span> <span class='ocrx_word' id='word_1_251' title='bbox 1661 2285 1734 2319; x_wconf 61' lang='lat' dir='ltr'><strong>tres</strong></span> <span class='ocrx_word' id='word_1_252' title='bbox 1758 2285 1895 2319; x_wconf 83' lang='lat' dir='ltr'><strong>voisine</strong></span> <span class='ocrx_word' id='word_1_253' title='bbox 1920 2284 1969 2318; x_wconf 88' lang='lat' dir='ltr'><strong>du</strong></span> 
     </span>
     <span class='ocr_line' id='line_1_28' title="bbox 549 2343 1970 2392; baseline -0.001 -13"><span class='ocrx_word' id='word_1_254' title='bbox 549 2345 686 2391; x_wconf 78' lang='lat' dir='ltr'><strong>mepris</strong></span> <span class='ocrx_word' id='word_1_255' title='bbox 711 2361 718 2379; x_wconf 89' lang='lat'><strong>:</strong></span> <span class='ocrx_word' id='word_1_256' title='bbox 738 2344 934 2392; x_wconf 80' lang='lat' dir='ltr'><strong>quemdam</strong></span> <span class='ocrx_word' id='word_1_257' title='bbox 956 2345 1203 2380; x_wconf 73' lang='lat' dir='ltr'><strong>Bainardam.</strong></span> <span class='ocrx_word' id='word_1_258' title='bbox 1226 2346 1413 2380; x_wconf 76' lang='lat' dir='ltr'><strong>personne</strong></span> <span class='ocrx_word' id='word_1_259' title='bbox 1433 2345 1490 2379; x_wconf 86' lang='lat' dir='ltr'><strong>n’a</strong></span> <span class='ocrx_word' id='word_1_260' title='bbox 1514 2344 1632 2379; x_wconf 76' lang='lat' dir='ltr'><strong>reuda</strong></span> <span class='ocrx_word' id='word_1_261' title='bbox 1652 2357 1701 2378; x_wconf 90' lang='lat' dir='ltr'><strong>un</strong></span> <span class='ocrx_word' id='word_1_262' title='bbox 1724 2351 1869 2391; x_wconf 88' lang='lat' dir='ltr'><strong>compte</strong></span> <span class='ocrx_word' id='word_1_263' title='bbox 1890 2343 1970 2390; x_wconf 89' lang='lat' dir='ltr'><strong>plus</strong></span> 
     </span>
     <span class='ocr_line' id='line_1_29' title="bbox 550 2402 1971 2452; baseline -0.003 -12"><span class='ocrx_word' id='word_1_264' title='bbox 550 2406 639 2440; x_wconf 83' lang='lat' dir='ltr'><strong>clair</strong></span> <span class='ocrx_word' id='word_1_265' title='bbox 664 2405 728 2439; x_wconf 85' lang='lat' dir='ltr'><strong>des</strong></span> <span class='ocrx_word' id='word_1_266' title='bbox 752 2412 1004 2440; x_wconf 82' lang='lat' dir='ltr'><strong>mouvemeuts</strong></span> <span class='ocrx_word' id='word_1_267' title='bbox 1031 2406 1273 2452; x_wconf 80' lang='lat' dir='ltr'><strong>strategiques</strong></span> <span class='ocrx_word' id='word_1_268' title='bbox 1298 2405 1343 2440; x_wconf 88' lang='lat' dir='ltr'><strong>dc</strong></span> <span class='ocrx_word' id='word_1_269' title='bbox 1367 2411 1463 2439; x_wconf 86' lang='lat' dir='ltr'><strong>cette</strong></span> <span class='ocrx_word' id='word_1_270' title='bbox 1481 2403 1628 2439; x_wconf 81' lang='lat' dir='ltr'><strong>bataille</strong></span> <span class='ocrx_word' id='word_1_271' title='bbox 1646 2416 1718 2451; x_wconf 88' lang='lat' dir='ltr'><strong>que</strong></span> <span class='ocrx_word' id='word_1_272' title='bbox 1744 2403 1901 2437; x_wconf 71' lang='lat' dir='ltr'><strong>Fauteur</strong></span> <span class='ocrx_word' id='word_1_273' title='bbox 1922 2402 1971 2436; x_wconf 92' lang='lat' dir='ltr'><strong>du</strong></span> 
     </span>
     <span class='ocr_line' id='line_1_30' title="bbox 550 2463 1973 2510; baseline -0.001 -11"><span class='ocrx_word' id='word_1_274' title='bbox 550 2466 652 2500; x_wconf 87' lang='lat' dir='ltr'><strong>Belli</strong></span> <span class='ocrx_word' id='word_1_275' title='bbox 669 2466 778 2500; x_wconf 79' lang='lat' dir='ltr'><strong>Sacri</strong></span> <span class='ocrx_word' id='word_1_276' title='bbox 791 2465 956 2500; x_wconf 77' lang='lat' dir='ltr'><strong>Historia</strong></span> <span class='ocrx_word' id='word_1_277' title='bbox 973 2483 980 2499; x_wconf 89' lang='lat'><strong>.·</strong></span> <span class='ocrx_word' id='word_1_278' title='bbox 999 2466 1142 2500; x_wconf 79' lang='lat' dir='ltr'><strong>Deinde</strong></span> <span class='ocrx_word' id='word_1_279' title='bbox 1160 2465 1270 2500; x_wconf 70' lang='lat' dir='ltr'><strong>divisi</strong></span> <span class='ocrx_word' id='word_1_280' title='bbox 1282 2473 1369 2501; x_wconf 80' lang='lat' dir='ltr'><strong>sunt</strong></span> <span class='ocrx_word' id='word_1_281' title='bbox 1392 2466 1508 2500; x_wconf 78' lang='lat' dir='ltr'><strong>Turci</strong></span> <span class='ocrx_word' id='word_1_282' title='bbox 1520 2481 1528 2497; x_wconf 83' lang='lat'><strong>.·</strong></span> <span class='ocrx_word' id='word_1_283' title='bbox 1551 2477 1625 2499; x_wconf 83' lang='lat' dir='ltr'><strong>una</strong></span> <span class='ocrx_word' id='word_1_284' title='bbox 1641 2476 1732 2510; x_wconf 79' lang='lat' dir='ltr'><strong>pars</strong></span> <span class='ocrx_word' id='word_1_285' title='bbox 1751 2463 1828 2498; x_wconf 80' lang='lat' dir='ltr'><strong>ibat</strong></span> <span class='ocrx_word' id='word_1_286' title='bbox 1845 2469 1973 2498; x_wconf 83' lang='lat' dir='ltr'><strong>contra</strong></span> 
     </span>
     <span class='ocr_line' id='line_1_31' title="bbox 551 2522 1970 2572; baseline -0.002 -13"><span class='ocrx_word' id='word_1_287' title='bbox 551 2538 667 2569; x_wconf 81' lang='lat' dir='ltr'><strong>mare,</strong></span> <span class='ocrx_word' id='word_1_288' title='bbox 689 2531 723 2559; x_wconf 76' lang='lat' dir='ltr'><strong>el</strong></span> <span class='ocrx_word' id='word_1_289' title='bbox 738 2525 805 2559; x_wconf 83' lang='lat' dir='ltr'><strong>alii</strong></span> <span class='ocrx_word' id='word_1_290' title='bbox 818 2532 998 2560; x_wconf 73' lang='lat' dir='ltr'><strong>steterunt</strong></span> <span class='ocrx_word' id='word_1_291' title='bbox 1013 2527 1104 2570; x_wconf 85' lang='lat' dir='ltr'><strong>illic,</strong></span> <span class='ocrx_word' id='word_1_292' title='bbox 1122 2533 1298 2572; x_wconf 81' lang='lat' dir='ltr'><strong>putantes</strong></span> <span class='ocrx_word' id='word_1_293' title='bbox 1315 2539 1382 2561; x_wconf 85' lang='lat' dir='ltr'><strong>nos</strong></span> <span class='ocrx_word' id='word_1_294' title='bbox 1401 2524 1589 2560; x_wconf 80' lang='lat' dir='ltr'><strong>includere</strong></span> <span class='ocrx_word' id='word_1_295' title='bbox 1605 2526 1702 2558; x_wconf 83' lang='lat' dir='ltr'><strong>inter</strong></span> <span class='ocrx_word' id='word_1_296' title='bbox 1717 2535 1808 2558; x_wconf 82' lang='lat' dir='ltr'><strong>sese.</strong></span> <span class='ocrx_word' id='word_1_297' title='bbox 1832 2522 1970 2557; x_wconf 81' lang='lat' dir='ltr'><strong>Viden-</strong></span> 
     </span>
     <span class='ocr_line' id='line_1_32' title="bbox 553 2584 1970 2632; baseline -0.001 -14"><span class='ocrx_word' id='word_1_298' title='bbox 553 2592 605 2619; x_wconf 60' lang='grc' dir='ltr'><strong>τας</strong></span> <span class='ocrx_word' id='word_1_299' title='bbox 623 2586 742 2619; x_wconf 73' lang='lat' dir='ltr'><strong>nostri</strong></span> <span class='ocrx_word' id='word_1_300' title='bbox 757 2584 1029 2631; x_wconf 81' lang='lat' dir='ltr'><strong>lzoc,fece1&#39;unt</strong></span> <span class='ocrx_word' id='word_1_301' title='bbox 1047 2587 1225 2620; x_wconf 82' lang='lat' dir='ltr'><strong>similiter.</strong></span> <span class='ocrx_word' id='word_1_302' title='bbox 1249 2586 1336 2621; x_wconf 85' lang='lat' dir='ltr'><strong>Illic</strong></span> <span class='ocrx_word' id='word_1_303' title='bbox 1340 2585 1426 2632; x_wconf 77' lang='lat' dir='ltr'><strong>fait</strong></span> <span class='ocrx_word' id='word_1_304' title='bbox 1443 2584 1618 2619; x_wconf 77' lang='lat' dir='ltr'><strong>ordinata</strong></span> <span class='ocrx_word' id='word_1_305' title='bbox 1635 2589 1788 2630; x_wconf 80' lang='lat' dir='ltr'><strong>septena</strong></span> <span class='ocrx_word' id='word_1_306' title='bbox 1809 2584 1905 2616; x_wconf 79' lang='lat' dir='ltr'><strong>acies</strong></span> <span class='ocrx_word' id='word_1_307' title='bbox 1924 2594 1970 2616; x_wconf 77' lang='lat' dir='ltr'><strong>ex</strong></span> 
     </span>
     <span class='ocr_line' id='line_1_33' title="bbox 549 2641 1972 2695; baseline -0.003 -16"><span class='ocrx_word' id='word_1_308' title='bbox 549 2647 626 2695; x_wconf 84' lang='lat' dir='ltr'><strong>acie</strong></span> <span class='ocrx_word' id='word_1_309' title='bbox 649 2644 753 2679; x_wconf 75' lang='lat' dir='ltr'><strong>ducis</strong></span> <span class='ocrx_word' id='word_1_310' title='bbox 779 2645 998 2692; x_wconf 64' lang='lat' dir='ltr'><strong>Gottf&#39;fl‘edi,</strong></span> <span class='ocrx_word' id='word_1_311' title='bbox 1027 2653 1061 2680; x_wconf 79' lang='lat' dir='ltr'><strong>et</strong></span> <span class='ocrx_word' id='word_1_312' title='bbox 1083 2648 1224 2682; x_wconf 80' lang='lat' dir='ltr'><strong>comitis</strong></span> <span class='ocrx_word' id='word_1_313' title='bbox 1244 2646 1289 2680; x_wconf 85' lang='lat' dir='ltr'><strong>de</strong></span> <span class='ocrx_word' id='word_1_314' title='bbox 1311 2646 1564 2684; x_wconf 80' lang='lat' dir='ltr'><strong>Normannia,</strong></span> <span class='ocrx_word' id='word_1_315' title='bbox 1594 2650 1628 2678; x_wconf 78' lang='lat' dir='ltr'><strong>et</strong></span> <span class='ocrx_word' id='word_1_316' title='bbox 1646 2649 1757 2689; x_wconf 78' lang='lat' dir='ltr'><strong>caput</strong></span> <span class='ocrx_word' id='word_1_317' title='bbox 1780 2643 1878 2677; x_wconf 81' lang='lat' dir='ltr'><strong>illius</strong></span> <span class='ocrx_word' id='word_1_318' title='bbox 1887 2641 1972 2688; x_wconf 78' lang='lat' dir='ltr'><strong>fuit</strong></span> 
     </span>
     <span class='ocr_line' id='line_1_34' title="bbox 548 2703 1968 2750; baseline -0.002 -11"><span class='ocrx_word' id='word_1_319' title='bbox 548 2718 668 2741; x_wconf 80' lang='lat' dir='ltr'><strong>comes</strong></span> <span class='ocrx_word' id='word_1_320' title='bbox 685 2704 908 2740; x_wconf 80' lang='lat' dir='ltr'><strong>Rainaldus.</strong></span> <span class='ocrx_word' id='word_1_321' title='bbox 933 2706 1041 2741; x_wconf 82' lang='lat' dir='ltr'><strong>Hanc</strong></span> <span class='ocrx_word' id='word_1_322' title='bbox 1060 2706 1330 2741; x_wconf 73' lang='lat' dir='ltr'><strong>mandaverunt</strong></span> <span class='ocrx_word' id='word_1_323' title='bbox 1350 2706 1493 2741; x_wconf 75' lang='lat' dir='ltr'><strong>obviam</strong></span> <span class='ocrx_word' id='word_1_324' title='bbox 1512 2710 1641 2740; x_wconf 80' lang='lat' dir='ltr'><strong>contra</strong></span> <span class='ocrx_word' id='word_1_325' title='bbox 1658 2704 1740 2738; x_wconf 83' lang='lat' dir='ltr'><strong>illos</strong></span> <span class='ocrx_word' id='word_1_326' title='bbox 1762 2705 1827 2750; x_wconf 82' lang='lat' dir='ltr'><strong>qui</strong></span> <span class='ocrx_word' id='word_1_327' title='bbox 1841 2703 1968 2737; x_wconf 80' lang='lat' dir='ltr'><strong>venie-</strong></span> 
     </span>
     <span class='ocr_line' id='line_1_35' title="bbox 553 2765 808 2800; baseline 0.004 -1"><span class='ocrx_word' id='word_1_328' title='bbox 553 2765 642 2800; x_wconf 78' lang='lat' dir='ltr'><strong>bant</strong></span> <span class='ocrx_word' id='word_1_329' title='bbox 662 2779 683 2800; x_wconf 88' lang='lat' dir='ltr'><strong>a</strong></span> <span class='ocrx_word' id='word_1_330' title='bbox 703 2768 808 2800; x_wconf 77' lang='lat' dir='ltr'><strong>mari.</strong></span> 
     </span>
    </p>

    <p class='ocr_par' dir='ltr' id='par_1_5' title="bbox 595 2820 1968 2870">
     <span class='ocr_line' id='line_1_36' title="bbox 595 2820 1968 2870; baseline -0.004 -12"><span class='ocrx_word' id='word_1_331' title='bbox 595 2825 645 2870; x_wconf 85' lang='grc' dir='ltr'><strong>(ι)</strong></span> <span class='ocrx_word' id='word_1_332' title='bbox 666 2826 713 2859; x_wconf 87' lang='lat' dir='ltr'><strong>Le</strong></span> <span class='ocrx_word' id='word_1_333' title='bbox 741 2833 859 2860; x_wconf 78' lang='lat' dir='ltr'><strong>comte</strong></span> <span class='ocrx_word' id='word_1_334' title='bbox 886 2826 930 2861; x_wconf 89' lang='lat' dir='ltr'><strong>de</strong></span> <span class='ocrx_word' id='word_1_335' title='bbox 958 2826 1143 2862; x_wconf 77' lang='lat' dir='ltr'><strong>Toulousc</strong></span> <span class='ocrx_word' id='word_1_336' title='bbox 1171 2826 1257 2862; x_wconf 70' lang='lat' dir='ltr'><strong>cluit</strong></span> <span class='ocrx_word' id='word_1_337' title='bbox 1286 2832 1414 2861; x_wconf 77' lang='lat' dir='ltr'><strong>retcnu</strong></span> <span class='ocrx_word' id='word_1_338' title='bbox 1441 2827 1458 2859; x_wconf 72' lang='grc' dir='ltr'><strong>Ξι</strong></span> <span class='ocrx_word' id='word_1_339' title='bbox 1484 2823 1667 2859; x_wconf 69' lang='lat' dir='ltr'><strong>Antioche</strong></span> <span class='ocrx_word' id='word_1_340' title='bbox 1692 2834 1756 2869; x_wconf 80' lang='lat' dir='ltr'><strong>par</strong></span> <span class='ocrx_word' id='word_1_341' title='bbox 1783 2820 1834 2856; x_wconf 88' lang='lat' dir='ltr'><strong>lcs</strong></span> <span class='ocrx_word' id='word_1_342' title='bbox 1860 2820 1968 2855; x_wconf 78' lang='lat' dir='ltr'><strong>suites</strong></span> 
     </span>
    </p>
   </div>
   <div class='ocr_carea' id='block_1_4' title="bbox 551 2884 842 2920">
    <p class='ocr_par' dir='ltr' id='par_1_6' title="bbox 551 2884 842 2920">
     <span class='ocr_line' id='line_1_37' title="bbox 551 2884 842 2920; baseline 0.01 -3"><span class='ocrx_word' id='word_1_343' title='bbox 551 2884 659 2919; x_wconf 75' lang='lat' dir='ltr'><strong>d&#39;unc</strong></span> <span class='ocrx_word' id='word_1_344' title='bbox 682 2885 842 2920; x_wconf 67' lang='lat' dir='ltr'><strong>lilcssnrc</strong></span> 
     </span>
    </p>
   </div>
  </div>
 </body>
</html>
