2085 3455
481 310 529 346 40
835 302 1072 341 HISTORIA
1105 301 1498 340 ECCLESIASTICA.

479 392 779 438 Normanniae
817 388 1074 434 servitium.
1114 388 1280 434 Totam
1306 405 1417 434 vero
1453 403 1620 450 aquam
1654 403 1782 431 suam
1808 385 1863 431 ad

478 469 779 532 piscationem
795 465 960 510 annuit
973 500 984 520 ,
1011 475 1154 526 prout
1171 465 1410 511 monachis
1429 464 1636 509 libuerit.

543 547 718 590 Praeter
739 543 835 587 haec
850 578 862 597 ,
887 540 1048 587 Avicia
1074 558 1197 587 uxor
1219 544 1312 605 ejus
1326 578 1340 600 ,
1364 558 1523 588 amore
1542 541 1623 586 Dei
1652 539 1835 586 fervens
1852 576 1862 593 ,

481 641 537 669 Lx
568 620 736 666 solidos
759 619 816 665 de
845 635 983 664 censu
1008 635 1090 665 suo
1119 618 1334 665 kalendas
1363 618 1569 666 octobris
1599 615 1864 673 monachis,

479 709 530 743 nt
558 696 662 743 inde
687 712 841 741 ceram
865 705 911 740 et
934 695 1092 741 oleum
1115 694 1171 741 ad
1200 695 1447 741 luminaria
1470 694 1671 740 ecclesiae
1695 704 1741 738 et
1763 692 1868 737 thus

480 792 562 838 per
586 784 737 820 totum
764 789 941 817 annum
965 783 1144 829 emant,
1171 773 1363 835 singulis
1390 772 1523 817 annis
1547 771 1794 825 concessit,
1824 780 1870 815 et

479 851 779 898 donationem
813 866 951 912 super
982 850 1126 895 altare
1157 850 1336 895 Sanctae
1368 849 1530 894 Mariae
1562 865 1669 893 cum
1701 847 1870 892 marito

480 946 560 975 suo
594 928 763 991 posuit.
798 927 954 972 Testes
978 925 1144 972 harum
1168 926 1477 972 donationum
1507 935 1617 970 sunt
1646 923 1795 969 Adam
1827 933 1873 968 et

480 1005 754 1052 Guillelmus
772 1004 854 1049 filii
872 1003 1105 1060 Tedsredi,
1130 1003 1363 1049 Osbernus
1381 1002 1516 1048 Busso
1535 1013 1581 1047 et
1598 999 1873 1046 Eustachius

480 1083 535 1129 de
567 1082 790 1138 Torceio,
828 1080 1093 1127 Rodbertus
1125 1080 1181 1126 de
1214 1080 1396 1142 Cropus
1427 1081 1496 1141 (1)
1529 1089 1575 1124 et
1607 1077 1874 1124 Rodbertus

481 1160 599 1206 filius
624 1157 916 1211 Godmundi,
940 1157 1175 1203 Johannes
1208 1157 1373 1212 Catus,
1405 1167 1451 1202 et
1477 1156 1614 1201 multi
1640 1156 1735 1201 alii.
1767 1155 1876 1200 Post

481 1237 658 1301 aliquot
681 1252 829 1281 annos
850 1233 973 1279 idem
994 1232 1262 1278 Gualterius
1285 1243 1332 1277 et
1355 1232 1515 1278 Avicia
1539 1250 1659 1279 uxor
1682 1233 1799 1295 ejus,
1829 1232 1873 1276 in

482 1330 641 1360 amore
657 1313 739 1358 Dei
754 1311 1068 1374 proficientes,
1085 1328 1108 1355 a
1123 1309 1328 1372 Rogerio
1341 1307 1506 1355 abbate
1522 1309 1677 1354 Sancti
1690 1307 1877 1354 Ebruifi

484 1409 551 1438 ΧΠ
576 1389 828 1436 monachos
851 1389 1169 1451 expetierunt,
1197 1387 1355 1450 eisque
1378 1385 1434 1431 ad
1463 1387 1638 1432 victum
1666 1401 1877 1431 necessa-

485 1470 608 1514 rium
626 1465 948 1512 molendinum
967 1465 1023 1510 de
1040 1466 1206 1519 Pareo,
1225 1463 1353 1528 quod
1370 1462 1594 1509 reddebat
1608 1480 1656 1509 x1
1677 1461 1875 1514 modim,

485 1557 579 1593 etv
607 1562 733 1591 acras
757 1554 896 1589 terrae
924 1543 980 1589 ad
1005 1542 1344 1605 Huglevillam,
1376 1552 1420 1587 et
1452 1551 1547 1587 tres
1570 1540 1797 1603 hospites,
1832 1540 1880 1585 in

486 1639 612 1669 anno
637 1639 698 1668 xv
721 1620 890 1667 solidos
912 1619 1179 1676 reddentes,
1202 1637 1253 1665 ac
1273 1618 1330 1665 ad
1348 1619 1509 1664 villam
1528 1635 1632 1682 quae
1653 1617 1881 1663 Centum-

490 1703 631 1747 Acras
665 1699 839 1745 dicitur
875 1699 969 1761 (2),
1003 1698 1243 1744 ecclesiam
1275 1697 1456 1742 Sanctae
1495 1695 1740 1741 Trinitatis
1775 1711 1881 1740 cum

487 1789 583 1824 tota
604 1776 780 1823 decima
804 1774 1052 1821 dederunt.

551 1857 661 1901 Haec
691 1855 846 1901 omnia
863 1889 875 1909 ,
902 1870 1005 1917 quae
1032 1871 1054 1897 a
1085 1851 1317 1898 Gulberto
1348 1861 1394 1896 et
1412 1850 1470 1896 ab
1494 1848 1763 1896 hominibus
1787 1849 1882 1912 ejus

487 1934 590 1979 data
614 1930 909 1979 Uticensibus
928 1930 1091 1985 retuli,
1119 1928 1398 1976 Guillelmus
1420 1943 1502 1973 rex
1525 1927 1791 1991 Anglorum
1805 1961 1816 1980 ,
1838 1936 1884 1970 et

489 2011 723 2058 Johannes
756 2020 892 2072 atque
930 2007 1207 2053 Guillelmus
1240 2006 1604 2069 Rotomagenses
1650 2002 1885 2065 archiepi-

490 2089 615 2152 scopi
646 2086 941 2134 concessione
971 2102 1048 2129 sua
1075 2083 1494 2131 confirmaverunt.
1536 2081 1714 2129 Deinde
1743 2079 1885 2145 quid-

490 2164 603 2228 quid
629 2161 894 2208 Gualterius
917 2159 1133 2205 Gulberti
1158 2158 1277 2204 filius
1301 2159 1603 2220 eleemosynae
1628 2157 1772 2220 patris
1804 2155 1885 2202 ad-

491 2240 630 2294 didit,
660 2238 924 2285 Rodbertus
947 2238 1039 2292 11⁰⁵,
1072 2235 1164 2280 dux
1194 2235 1608 2289 Nor-mannorum,
1644 2232 1885 2279 monachis

492 2317 645 2363 Sancti
668 2314 852 2361 Ebrutfi
871 2314 1114 2369 concessit,
1135 2323 1182 2358 et
1202 2311 1433 2358 nundinas
1452 2311 1592 2356 etiam
1612 2308 1668 2355 ad
1686 2310 1884 2355 Parcum

493 2397 540 2442 in
568 2395 807 2441 nativitate
832 2393 1010 2438 Sanctae
1035 2391 1197 2436 Mariae
1225 2390 1330 2453 ipsis
1355 2390 1536 2452 erigere
1553 2387 1767 2451 permisit
1790 2387 1881 2449 (5),

536 2620 584 2662 (ι)
601 2618 759 2661 Cropus,
780 2628 823 2648 au
842 2615 883 2647 N.
905 2615 946 2647 E.
966 2614 1121 2648 d’Ausai.
1155 2613 1308 2647 Vautiei·
1326 2612 1370 2645 de
1388 2612 1529 2656 Cropus
1547 2609 1700 2643 s'e'tablit
1724 2610 1828 2655 apres
1847 2609 1875 2643 la

489 2677 665 2723 conquetc
683 2674 770 2708 dans
790 2674 820 2708 le
841 2675 958 2707 comte
978 2672 1021 2706 de
1040 2672 1266 2707 Brecknock.

535 2736 585 2779 (2)
604 2735 667 2767 Les
684 2733 925 2767 Geni-Acres.

536 2793 584 2838 (3)
604 2794 706 2827 Cette
727 2792 815 2826 fon-e
835 2791 978 2825 n'cxistc
1001 2789 1090 2834 plus.
