2085 3455
602 276 673 313 174
960 274 1201 312 HISTORIA
1236 271 1639 310 ECCLESIASTICA.
1734 275 2005 327 [1082-1084]

659 364 740 409 His
768 363 962 419 auditis,
991 362 1320 424 magnanimus
1356 360 1492 407 heros
1519 360 1652 406 valde
1685 362 1898 407 anxiatus
1922 374 2004 409 est.

594 442 714 487 Nam
741 439 1010 487 venerando
1033 441 1169 502 Papae
1194 457 1216 485 a
1233 439 1469 502 protervis
1494 437 1709 484 leonibus
1732 437 2004 502 profligato,

592 518 711 564 sicut
733 519 875 564 Petro
902 519 947 563 in
974 534 1161 564 carcere
1193 516 1392 563 Herodis
1409 555 1418 573 7
1452 532 1726 563 succurrere
1752 515 2005 575 desiderat,

593 607 640 642 et
663 597 923 643 exercitum
946 612 1081 640 suum
1096 629 1108 649 ‚
1136 610 1276 658 quem
1306 610 1505 640 numero
1531 594 1864 657 paucissimum
1888 595 2010 640 inter

591 675 766 720 multos
792 673 946 720 hostes
975 683 1020 718 et
1054 670 1249 717 callidos
1284 682 1424 736 atque
1451 682 1632 717 atroces
1666 681 1932 733 computat,
1962 672 2008 718 in

591 761 714 796 terra
754 750 904 796 aliena
930 749 1030 795 sine
1060 747 1177 793 duce
1212 747 1340 793 velut
1368 764 1512 811 agnos
1548 748 1672 792 inter
1703 747 1838 810 lupos
1862 747 2010 793 relin-

590 845 736 892 quere
762 827 1067 874 vehementer
1092 824 1290 870 hcesitat.
1318 823 1530 869 Tandem
1558 824 1725 869 erectis
1753 823 2010 870 luminibus

589 905 761 951 mentis
785 904 840 949 ad
873 903 1159 958 Dominum,
1187 919 1209 946 a
1237 917 1332 965 quo
1373 916 1517 946 omne
1551 899 1733 946 bonum
1770 899 2007 963 procedit,

590 983 859 1029 convocatis
891 979 1160 1045 agminibus
1191 980 1282 1025 suis
1321 996 1430 1025 cum
1452 977 1733 1024 Buamundo
1763 978 1861 1024 filio
1897 995 2007 1035 suo,

590 1061 654 1106 ait
682 1080 692 1105 ε
731 1061 930 1125 Semper
959 1058 1287 1105 obsecundare
1321 1057 1454 1114 Deo,
1488 1058 1573 1120 qui
1598 1073 1693 1121 per
1715 1073 2012 1102 communem

590 1137 826 1183 Ecclesiae
851 1136 1109 1183 catholicae
1124 1145 1372 1192 pastorem
1392 1134 1659 1198 alloquitur
1676 1151 1763 1179 nos
1773 1171 1788 1191 ‚
1812 1145 2007 1198 oportet.

591 1215 881 1260 Auxiliante
915 1214 1020 1260 Deo
1031 1250 1047 1270 ,
1073 1214 1286 1277 jussioni
1314 1214 1471 1278 Papae
1505 1212 1755 1270 obediam,
1783 1221 1828 1257 et
1865 1229 2010 1275 quam

593 1292 734 1337 citius
761 1301 954 1355 potero,
997 1291 1068 1337 ad
1104 1308 1189 1336 vos
1237 1289 1388 1336 redire
1424 1300 1666 1352 satagam.
1706 1293 1896 1335 Interea
1927 1307 2011 1335 vos

584 1369 852 1434 prudenter
874 1370 923 1414 in
947 1368 1040 1414 lzac
1050 1370 1304 1433 provincia
1332 1368 1635 1432 requiescite,
1657 1379 1701 1414 et
1720 1369 1841 1413 inter
1856 1367 2011 1414 lzostes

595 1446 808 1510 undique
847 1449 1175 1510 circumspecti
1215 1457 1376 1492 estote.
1422 1445 1477 1492 Si
1516 1446 1620 1510 quis
1649 1446 2013 1511 praesumpserit

594 1524 712 1571 bello
750 1541 838 1570 vos
877 1528 1123 1590 impetere,
1160 1524 1209 1568 in
1234 1525 1410 1569 virtute
1436 1524 1530 1570 Dei
1571 1524 1769 1569 viriliter
1791 1524 2006 1570 resistite.

597 1601 698 1647 Vos
724 1612 884 1646 tamen
904 1610 1062 1647 cavete
1084 1617 1143 1645 ne
1174 1599 1352 1646 bellare
1377 1601 1646 1664 incipiatis>
1674 1618 1762 1646 nec
1786 1600 2011 1646 occasio-

592 1695 699 1722 nem
754 1676 1023 1742 praeliandi
1069 1675 1282 1723 hostibus
1335 1677 1483 1734 (letis,
1533 1693 1685 1740 neque
1725 1676 2006 1740 indigenas,

594 1773 840 1819 quousque
863 1771 1102 1816 regressus
1107 1752 1276 1817 suem,
1306 1754 1570 1801 lacessatis.
1598 1755 1879 1819 Injunctam
1897 1753 2014 1799 mihi·

592 1851 623 1878 a
640 1834 845 1879 Domino
868 1833 1135 1879 servitutem
1159 1832 1312 1890 inibo,
1336 1843 1379 1878 et
1396 1834 1438 1878 si
1452 1835 1556 1878 vita
1579 1850 1736 1879 comes
1744 1831 1918 1895 suerit,
1940 1849 2012 1878 ce-

592 1910 748 1956 leriter
768 1908 947 1955 redibo.
968 1909 1010 1953 P
1016 1927 1069 1954 er
1089 1912 1305 1955 animam
1325 1910 1572 1956 Tancredi
1579 1911 1741 1975 patris
1768 1912 1860 1955 mei
1873 1912 2007 1975 Juro,

594 2001 636 2035 et
657 1989 748 2036 lzoc
758 1988 1084 2053 jurejurando
1109 1987 1245 2034 vobis
1258 1987 1458 2048 firmiter
1474 2005 1652 2046 assero,
1679 1987 1811 2053 quod
1814 2024 1831 2044 ,
1858 1987 2011 2034 donec

594 2085 802 2114 reversus
829 2066 900 2112 ad
933 2083 1018 2112 vos
1024 2063 1202 2128 fuero,
1237 2083 1330 2111 non
1366 2077 1476 2112 utar
1498 2066 1688 2123 balneo,
1719 2065 1867 2112 barba
1902 2082 2008 2111 mea

593 2163 690 2193 non
719 2144 933 2201 radetur,
956 2162 1108 2207 neque
1133 2147 1352 2191 caesaries
1378 2143 1493 2190 mihi·
1518 2143 1861 2191 tonsurabitur.

657 2224 769 2269 Post
788 2222 888 2269 haec
911 2220 1057 2268 verba
1081 2221 1331 2270 bellicosus
1350 2221 1484 2268 miles
1509 2239 1615 2267 cum
1639 2221 1796 2284 paucis
1814 2221 2007 2267 commi-

594 2300 821 2348 litonibus
844 2317 974 2346 mare
1006 2317 1115 2347 mox
1141 2301 1374 2364 ingressus
1398 2310 1490 2358 est,
1516 2300 1708 2363 Deoque
1734 2297 1934 2345 ducente
1958 2299 2006 2344 in

595 2379 817 2442 Apuliam
846 2378 1082 2442 profectus
1101 2390 1169 2425 est
1187 2415 1201 2438 ‚
1232 2389 1277 2425 et
1303 2378 1411 2426 inde
1443 2378 1688 2441 assumptis
1711 2387 2006 2424 armatorum

595 2456 799 2503 coetibus
822 2457 1023 2503 Romam
1047 2474 1286 2520 aggressus
1311 2467 1396 2502 est.
1425 2457 1577 2502 Porro
1609 2456 1839 2501 Henricus
1860 2455 2004 2517 impe-

595 2666 736 2701 d’hiver
753 2666 798 2700 de
818 2666 1000 2709 Ravenne,
1016 2674 1053 2700 ct
1071 2668 1158 2701 erait
1175 2680 1309 2702 revenu
1327 2667 1458 2701 devant
1472 2666 1588 2700 Rome
1606 2678 1688 2700 avec
1706 2665 1865 2700 Guibert
1882 2672 1919 2698 et
1933 2677 2004 2699 une

596 2728 716 2762 armee
730 2727 969 2770 nombreuseg
991 2728 1079 2761 mais
1098 2727 1130 2761 le
1145 2728 1241 2774 siege
1261 2728 1342 2762 n'en
1362 2739 1489 2773 avanca
1510 2739 1570 2772 pas
1588 2726 1786 2772 ‹lavantage
1804 2737 1897 2772 pour
1915 2724 1999 2759 cela.

599 2789 643 2821 La
663 2788 810 2821 retraite
827 2787 878 2822 du
897 2800 987 2834 pape
1003 2800 1046 2821 au
1065 2788 1217 2822 cli-‹iteau
1233 2788 1461 2832 Saint-Ange
1481 2787 1580 2821 n'eut
1596 2786 1667 2819 iieu
1683 2786 1791 2832 qu’en
1814 2784 1910 2819 1083.
