2033 3445
67 284 201 333 [1091]
558 282 710 320 LIBER
740 282 981 320 OCTAVL‘S.
1394 284 1466 320 377

67 386 209 432 cogor
223 368 474 433 prosequi.
509 368 714 414 Obsecro
736 387 746 412 .·
768 379 997 413 memento
1018 370 1134 423 mei,
1160 366 1476 431 precibusque

62 449 155 511 piz's
172 456 216 492 et
231 445 541 508 eleemosynis
555 463 776 492 succurre
793 444 924 490 mihi.
946 444 1078 490 Nam
1097 462 1126 489 α
1148 445 1347 490 Pascha
1361 445 1412 488 F
1411 444 1477 490 lo-

66 541 167 569 mm
195 523 214 586 (
227 523 265 586 ι)
292 541 440 587 usque
465 523 534 569 ad
556 541 700 569 unum
726 540 907 567 (lienum
930 539 1068 587 spero
1089 521 1290 578 salvari,
1316 532 1359 566 et
1383 521 1475 566 cle-

64 601 242 645 mentia
274 601 515 646 Creatorz's
540 600 600 646 ab
628 599 842 645 omnibus
880 600 1121 645 tormentis
1157 598 1364 644 liberari.
1404 598 1478 642 Tu

65 695 174 723 vero
197 677 428 724 sollicitas
461 688 559 724 esto
583 677 643 723 de
667 689 733 735 te,
769 679 1016 741 vitamque
1052 688 1179 723 tuam
1209 675 1481 741 prudenter

67 757 271 818 corrige,
294 774 400 820 quae
424 755 648 822 pluribus
679 757 808 801 vitiis
842 755 1092 810 sordescit,
1121 755 1335 818 scitoque
1353 752 1481 818 quod

64 834 290 880 diuturna
314 852 405 879 non
438 835 538 879 erit.
572 833 658 879 Ad
675 835 887 899 'prcesens
923 833 1025 879 sile.
1055 833 1175 889 Res,
1202 850 1325 896 quas
1349 849 1480 877 nunc

66 929 130 958 ex
161 913 399 976 insperato
428 912 601 958 vidisti
621 922 664 957 et
691 911 898 967 audisti,
922 911 1108 957 silentio
1130 915 1413 975 comprime,
1438 920 1481 954 et

68 1007 213 1054 usque
236 989 306 1035 ad
324 1000 416 1036 tres
435 989 538 1036 dies
558 991 740 1035 nemini
758 1006 1024 1053 praesumas
1046 1004 1289 1034 enarrare.

128 1067 209 1113 His
230 1066 388 1124 dictis,
415 1068 548 1114 miles
573 1068 767 1114 festinus
791 1066 1026 1113 abscessit.
1048 1064 1300 1127 Presbyter
1321 1075 1479 1109 autem

64 1155 156 1191 tota
185 1146 442 1209 septimana
482 1146 690 1211 graviter
726 1145 992 1210 aegrotavit.
1020 1142 1200 1190 Deinde
1228 1153 1479 1206 postquam

64 1221 345 1268 invalescere
380 1223 552 1285 coepit,
592 1222 859 1268 Luxovium
899 1220 1039 1276 adiit,
1074 1218 1344 1265 Gisleberto
1383 1218 1480 1280 epi-

65 1316 205 1363 scopo
232 1302 299 1362 (2)
322 1311 488 1346 cuncta
515 1316 570 1345 ex
605 1299 773 1345 ordine
809 1298 1049 1354 recitavit,
1080 1308 1125 1343 et
1151 1296 1210 1342 ab
1237 1313 1292 1342 eo
1326 1294 1482 1341 medi-

66 1388 275 1424 camenta
314 1376 502 1423 sibimet
542 1377 799 1424 necessaria
840 1375 1130 1440 impetravit.
1174 1372 1482 1420 Postmodum

66 1454 164 1501 sere
189 1471 253 1502 xv
287 1455 421 1501 annis
457 1466 643 1519 vegetus
667 1454 809 1511 vixit,
836 1465 883 1500 et
910 1454 1009 1500 haec
1045 1470 1151 1517 quae
1184 1452 1362 1515 scripto
1386 1462 1479 1496 tra-

66 1527 185 1585 didi,
207 1529 390 1594 aliaque
409 1529 640 1592 plurima,
664 1546 770 1593 quae
798 1528 1043 1575 oblivione
1067 1526 1243 1574 abolita
1265 1536 1398 1580 sunt,
1424 1524 1484 1571 ab

67 1623 148 1653 ore
170 1607 311 1671 ipsius
331 1606 513 1664 audivi,
536 1618 584 1653 et
609 1608 774 1654 faciem
794 1608 890 1672 ejus
914 1604 1142 1653 horrendi
1173 1604 1338 1650 militis
1358 1614 1486 1650 tactu

69 1683 223 1730 laesam
263 1684 501 1748 prospexi.
547 1685 659 1730 Haec
709 1683 766 1730 ad
816 1682 1180 1730 aedificationem
1225 1681 1486 1745 legentium

69 1763 255 1827 scripsi,
287 1773 340 1808 ut
373 1763 422 1809 in
461 1762 599 1809 bonis
634 1761 991 1809 consolidentur
1022 1761 1159 1825 justi,
1202 1770 1249 1805 et
1287 1777 1310 1804 a
1351 1759 1485 1804 malis

70 1839 343 1903 resipiscant
370 1838 598 1902 perversi.
630 1837 811 1884 Amodo
838 1838 1097 1900 incoeptam
1130 1846 1295 1899 repeto
1330 1846 1482 1880 mate-

71 1918 206 1964 riam.

133 1993 310 2041 XVIII.
338 1995 481 2040 Anno
499 1994 558 2040 ab
582 1994 914 2040 incarnatione
936 1991 1127 2037 Domini
1155 2000 1208 2037 111Ο
1232 2000 1306 2036 xc⁰
1331 1999 1383 2045 1⁰,
1410 1990 1483 2034 in-

73 2069 279 2118 dictione
295 2079 343 2118 x²¹
361 2079 476 2129 1111³‚
495 2072 903 2136 mensejanuario‚
922 2069 1203 2116 Guillelmus
1217 2068 1379 2124 Rufus,
1402 2083 1485 2112 rex
1525 2062 1528 2066 ’

73 2147 359 2212 Anglorum‚
380 2165 487 2194 cum
501 2165 669 2212 magna
684 2148 825 2194 classe
842 2148 887 2193 in
904 2146 1250 2193 Normanniam
1270 2142 1489 2189 transfre-

70 2225 209 2283 tavit,
238 2235 284 2271 et
317 2224 587 2272 Rodhertns
615 2224 711 2270 dux
743 2223 904 2270 audito
939 2224 1062 2287 regis
1092 2221 1296 2268 adventu
1330 2220 1487 2265 statim

69 2301 365 2349 obsidionem
387 2302 572 2349 Curceii
594 2302 813 2367 reliquit,
840 2313 887 2348 et
906 2300 1174 2348 Rodbertus
1194 2298 1251 2345 de
1275 2298 1489 2344 Beiesmo

71 2398 177 2428 cum
202 2382 294 2428 suis
321 2381 630 2445 complicibus
653 2382 850 2445 aufugit.
880 2380 980 2425 Rex
1006 2390 1162 2424 autem
1195 2380 1240 2423 in
1269 2375 1484 2422 Neustria

73 2473 217 2522 usque
239 2456 298 2504 ad
335 2468 584 2522 augustum
616 2457 901 2521 permansit,
936 2466 983 2502 et
1006 2453 1280 2501 dissidentes
1305 2452 1386 2517 qui
1414 2452 1486 2511 ei—

71 2532 175 2580 dem
200 2534 497 2599 adquiescere
515 2535 795 2590 voluerunt,
820 2533 965 2597 regali
986 2531 1264 2579 auctoritate
1282 2528 1483 2593 pacavit.

117 2730 166 2772 (1)
184 2730 231 2763 Le
249 2729 443 2765 dimanche
459 2730 521 2765 des
542 2731 736 2765 Ranicanx.

118 2789 167 2833 (2)
185 2790 369 2825 Gislebert
391 2791 584 2827 fluminet.
608 2791 742 2836 (Ὑί-(11111
762 2790 805 2823 ‹lt-
828 2790 980 2823 liniens,
