2085 3455
622 361 701 400 466
791 361 1034 402 HISTORIA
1065 362 1465 401 ECCLESIASTICA.
1499 366 1767 413 [xv1n0-xxv10
1787 377 1878 402 nov.
1901 367 2018 414 1095}

685 449 797 495 Haec
830 448 1052 495 Urbanus
1089 449 1209 513 Papa
1242 451 1288 495 in
1317 449 1603 496 Arvernensi
1630 448 1808 513 synodo
1839 449 2020 497 decreta

619 525 904 588 generaliter
939 526 1115 584 sanxit,
1144 527 1452 591 omniumque
1483 525 1705 573 ordinum
1732 527 1944 573 homines
1966 528 2020 573 ad

618 605 869 652 tenendam
908 606 993 652 Dei
1036 607 1189 670 legem
1235 623 1534 670 summopere
1574 607 1802 654 incitavit.
1847 607 2022 654 Deinde

616 683 968 746 lacrymabilem
993 684 1340 748 querimoniam
1373 684 1431 732 de
1453 684 1741 732 desolatione
1764 684 2020 732 christiani-

617 762 721 807 tatis
746 762 795 808 in
830 761 1025 808 Oriente
1061 762 1269 808 ubertim
1303 763 1621 827 deprompsit,
1660 763 1942 809 calamitates
1977 774 2022 809 et

614 839 943 902 oppressiones
959 839 1262 896 truculentas,
1272 857 1294 884 a
1307 840 1722 887 Sarracenisfactas
1733 839 2019 892 Christianis,

614 916 852 962 intimavit
883 916 972 979 (1).
1000 916 1095 963 Pro
1129 917 1482 964 conculcatione
1513 934 1702 982 quoque
1736 917 2017 975 Jerusalem,

612 993 990 1058 Sanctorumque
1007 994 1243 1040 Locorum
1259 1029 1270 1047 ‚
1294 993 1374 1039 ubi
1394 994 1536 1040 Filius
1553 995 1637 1041 Dei
1659 1011 1766 1040 cum
1783 994 1875 1039 suis
1896 1011 2021 1040 sanc-

613 1069 798 1115 tissimis
823 1070 1012 1135 collegis
1037 1071 1351 1134 corporaliter
1373 1070 1624 1128 habitavit,
1646 1072 1930 1133 lacrymosus
1954 1088 2020 1117 re-

610 1147 734 1195 lator
756 1148 998 1195 manifeste
1015 1149 1063 1195 in
1081 1160 1237 1196 sancta
1258 1150 1488 1196 concione
1505 1151 1729 1214 ploravit.
1751 1149 1887 1196 Unde
1905 1151 2020 1195 mul-

611 1236 682 1272 tos
701 1226 998 1284 auditorum,
1025 1243 1083 1273 ex
1105 1227 1275 1274 affectu
1294 1227 1468 1284 nimio,
1491 1228 1661 1292 piaque
1678 1228 1880 1273 fratrum
1901 1243 2020 1274 com-

609 1304 850 1367 passione,
878 1320 1036 1350 secum
1059 1304 1174 1351 flere
1199 1305 1369 1369 coegit.
1402 1304 1648 1351 Prolixum
1673 1304 2020 1368 utillimumque

607 1399 878 1429 sermonem
893 1382 1256 1430 consistentibus
1274 1383 1500 1447 eloquens
1518 1381 1876 1429 seminiverbius
1894 1383 2016 1437 fecit,

607 1460 910 1525 occiduaeque
923 1461 1069 1524 partis
1088 1477 1325 1524 proceres,
1351 1471 1398 1506 et
1416 1459 1648 1524 subjectos
1668 1470 1807 1525 atque
1826 1461 2018 1506 commi-

608 1537 780 1584 litones
814 1554 981 1584 eorum
1005 1537 1302 1585 commonuit
1338 1548 1390 1583 ut
1411 1553 1574 1601 pacem
1599 1537 1722 1583 inter
1745 1554 1791 1583 se
1820 1536 2019 1583 firmiter

607 1627 843 1671 tenerent,
857 1623 904 1662 et
919 1616 1108 1678 signum
1119 1615 1368 1661 salutiferae
1381 1615 1531 1662 crucis
1550 1615 1595 1660 in
1613 1614 1808 1661 dextero
1823 1614 2019 1661 humero

608 1703 873 1748 sumerent,
906 1692 1185 1756 militiaeque
1217 1708 1310 1737 snae
1345 1691 1606 1755 probitates
1641 1708 1781 1755 super
1815 1707 2019 1755 paganos

607 1769 771 1815 famosi
791 1769 1007 1832 optiones
1026 1769 1133 1814 satis
1157 1780 1450 1815 exercerent.
1476 1769 1625 1816 Tura·
1640 1773 1763 1815 enim
1777 1782 1818 1814 el
1840 1771 2015 1821 Persoe,

607 1846 797 1892 Arabes
852 1858 895 1892 ec
936 1848 1156 1908 Agarem'
1194 1846 1505 1892 Antiochiam
1553 1859 1596 1892 et
1646 1847 1873 1893 Nicaeam
1910 1848 1982 1909 (2)
2003 1883 2013 1903 ,

608 2027 717 2061 traire
737 2028 764 2061 si
783 2027 955 2066 etendus,
978 2039 1049 2073 que
1071 2027 1157 2060 c'est
1177 2026 1420 2073 precisi—{ment
1443 2033 1536 2060 cette
1558 2026 1806 2060 cin-constance
1829 2027 1892 2073 qui
1911 2039 1929 2060 a
1953 2039 2015 2059 en-

607 2086 723 2121 traIne
742 2087 774 2121 la
793 2094 895 2131 perte
915 2087 965 2120 dn
986 2085 1065 2132 plus
1089 2086 1205 2132 grand
1223 2086 1394 2128 nombre,
1415 2087 1556 2120 chacun
1575 2086 1702 2120 §etant
1722 2085 1837 2120 borne
1858 2087 1877 2120 ἐι
1897 2086 2016 2131 copie!-

606 2158 695 2180 ceux
712 2146 776 2193 qui
796 2146 1072 2180 l'inte'ressaient
1092 2145 1444 2192 particulierement.
1466 2146 1526 2180 On
1547 2152 1710 2179 trouver-a
1731 2145 1820 2178 dans
1838 2144 1869 2178 la
1888 2145 2012 2179 collec-

606 2206 683 2239 tion
706 2205 873 2252 generale
893 2204 954 2239 des
978 2205 1134 2239 conciles
1158 2212 1239 2239 tout
1258 2217 1297 2239 ce
1318 2206 1380 2250 qui
1407 2216 1451 2238 en
1472 2218 1490 2238 a
1511 2206 1568 2238 ete
1589 2204 1750 2239 recueilli
1769 2216 1834 2249 par
1853 2203 2014 2238 Lambest

606 2265 772 2302 d’Arras.
795 2264 940 2299 Alberic
959 2264 1003 2299 de
1023 2264 1348 2299 Trois-Fontaines
1368 2271 1405 2298 et
1422 2271 1556 2298 autres.

653 2325 705 2372 (π)
720 2324 784 2359 Les
802 2324 986 2358 calamites
998 2324 1088 2358 dont
1104 2324 1136 2358 le
1150 2337 1240 2370 pape
1257 2331 1340 2358 veut
1356 2323 1487 2371 parler,
1506 2330 1588 2357 sont
1599 2323 1704 2356 celles
1721 2323 1783 2369 qui
1801 2322 2013 2356 resulterent

605 2383 651 2417 de
670 2383 701 2417 la
724 2382 904 2429 conquetc
925 2382 969 2417 de
989 2383 1189 2417 Jerusalem
1208 2390 1243 2417 et
1262 2382 1307 2417 dc
1327 2390 1427 2417 toute
1447 2382 1479 2416 la
1502 2381 1743 2426 Basse-Sp'ie,
1764 2394 1809 2415 en
1830 2379 1931 2428 1076,
1953 2393 2013 2426 par

605 2443 655 2477 les
677 2442 895 2477 lieutenants
913 2442 957 2477 de
976 2443 1237 2477 Malek-Schah
1250 2471 1257 2479 ,
1281 2444 1513 2489 petit-neven
1535 2442 1579 2476 dc
1600 2441 1825 2488 Tognl-Bey,
1848 2449 1882 2475 et
1900 2440 2012 2475 sunan

605 2502 650 2537 de
678 2502 710 2536 la
736 2501 900 2548 dynastic
929 2503 1080 2550 Tui-que
1101 2503 1164 2537 des
1183 2502 1416 2548 Seljoucides.
1448 2503 1510 2536 tes
1538 2502 1732 2536 Chi-eziens
1755 2501 1800 2535 de
1825 2501 1855 2534 la
1885 2501 2014 2533 Terre-

603 2562 727 2597 Sainte
755 2564 894 2596 avaient
923 2562 1003 2608 ‹leja
1032 2564 1220 2610 beaucoup
1248 2576 1292 2597 en
1324 2566 1341 2597 a
1372 2563 1518 2597 soull'rir
1549 2562 1610 2595 des
1641 2564 1809 2595 cruautes
1838 2560 1885 2594 «lu
1916 2558 2014 2593 calise

603 2622 776 2656 Fatimite
790 2622 929 2656 Hakem
945 2622 1160 2669 (996-1021)
1172 2650 1180 2665 ‚
1202 2635 1271 2657 aux
1288 2634 1512 2656 successeurs
1529 2621 1665 2668 duquel
1684 2621 1726 2655 ils
1742 2621 1919 2655 restcrent
1935 2630 2013 2652 sou-

606 2681 672 2714 mis
690 2680 833 2727 jusqu'a
854 2688 947 2715 cette
967 2682 1147 2722 invasion,
1165 2682 1227 2725 qui
1244 2681 1294 2716 les
1308 2680 1480 2728 replacait
1494 2680 1779 2714 nominalement
1797 2690 1879 2713 sous
1899 2677 1929 2712 la
1950 2675 2013 2710 do·

606 2740 782 2774 mination
804 2739 867 2774 des
885 2740 1006 2774 calises
1027 2741 1256 2775 Abbassides.

651 2800 701 2844 (ν.)
722 2799 822 2833 Nous
839 2812 974 2834 venons
995 2800 1039 2833 de
1056 2800 1198 2835 donner
1217 2801 1249 2834 la
1266 2801 1348 2835 (late
1366 2800 1411 2834 de
1428 2799 1461 2833 la
1479 2799 1658 2846 conquete
1675 2799 1720 2832 de
1737 2797 1933 2832 Jerusalem
1952 2806 2013 2841 par

604 2859 653 2893 les
678 2860 806 2893 ancs.
836 2859 944 2894 Sit-ec
970 2860 1025 2894 sut
1050 2860 1158 2895 lixrec
1187 2863 1202 2893 ἐι
1230 2861 1407 2903 Solinum,
1438 2858 1554 2893 sultan
1579 2858 1800 2895 d’lconiunn,
1826 2869 1888 2903 par
1908 2855 2011 2889 ,Nice-
