2085 3455
502 308 583 347 622
852 304 1096 344 HISTORIA
1125 305 1531 345 EcctssslAsTmA.
1563 309 1665 356 [xm-0
1684 321 1769 346 Am.
1791 309 1909 357 1099]

503 392 561 438 ad
589 390 930 437 Ismaelitarum
967 393 1168 439 tentoria
1203 392 1487 456 diripienda.
1516 393 1807 440 Invenerunt
1832 394 1915 457 igi-

506 480 602 526 tur,
627 479 681 514 ut
704 467 916 515 breviter
942 467 1168 526 dixerim,
1195 469 1429 535 quidquid
1450 470 1588 517 bonae
1615 472 1914 534 supellectilis

504 545 762 609 excogitari
795 554 951 608 potest
977 565 987 591 z
1014 557 1265 610 argentum
1297 557 1343 592 et
1373 564 1567 603 aurum,
1600 564 1838 593 annonam
1869 557 1915 594 et

502 623 705 669 farinam
746 633 793 669 et
838 623 996 669 oleum
1017 660 1028 679 ‚
1070 635 1283 670 armenta
1318 640 1547 688 pecorum
1586 623 1915 671 innumerabi-

505 700 647 756 lium,
679 715 873 746 omnem
900 717 1126 763 pompam
1153 711 1573 757 ornamentorum,
1602 702 1814 748 cumulos
1837 717 1916 747 ar-

503 794 694 824 morum
710 813 720 831 ‚
749 787 796 822 et
818 777 854 822 si
877 776 993 840 quid
1014 778 1140 824 aliud
1164 789 1318 841 potest
1339 795 1433 825 esse
1451 779 1635 825 melius.
1663 780 1744 825 His
1766 779 1917 825 omni-

503 854 589 901 bus
616 854 838 917 direptis,
877 854 924 900 in
955 854 1195 901 civitatem
1223 867 1430 902 sanctam
1456 857 1718 902 Jerusalem
1742 857 1916 902 reversi

504 941 638 987 sunt,
665 929 1019 994 condignasque
1047 931 1149 977 Deo
1178 932 1350 995 gratias
1373 950 1458 995 per
1480 933 1684 996 singulas
1707 932 1919 979 ecclesias

504 1008 793 1054 retulerunt.

570 1085 859 1143 Rodbertus,
880 1086 976 1132 dux
996 1087 1408 1144 Normannorum,
1431 1089 1544 1134 emit
1560 1098 1823 1134 stantarum
1848 1089 1918 1150 (1)

505 1163 563 1210 ab
578 1164 666 1221 his,
689 1165 771 1229 qui
789 1164 849 1210 ab
868 1164 1170 1213 Admiraviso
1187 1166 1390 1213 sauciato
1409 1167 1732 1222 retinuerunt,
1752 1165 1919 1229 viginti

506 1241 675 1288 marcis
698 1242 909 1305 argenti,
938 1252 984 1288 et
1021 1242 1184 1289 intulit
1207 1242 1325 1289 illud
1351 1244 1396 1289 in
1423 1243 1691 1306 sepulcrum
1728 1241 1919 1287 Domini

506 1318 563 1364 ad
601 1319 952 1366 monimentum
993 1320 1290 1368 memorandi
1332 1319 1580 1384 triumphi.
1626 1319 1762 1365 Alter
1806 1320 1921 1364 emit.

507 1413 665 1442 ensem
700 1395 905 1461 ejusdem
943 1397 1230 1445 Admiravisi
1260 1416 1317 1445 Lx
1347 1397 1597 1461 byzanteis.
1632 1397 1828 1443 Factum
1853 1406 1921 1441 est

508 1475 653 1537 igitur
675 1474 900 1538 gaudium
925 1475 1245 1522 inenarrabile
1264 1477 1312 1522 in
1335 1487 1431 1522 tota
1451 1475 1821 1523 Christianitate.
1846 1473 1920 1518 Sic

507 1549 762 1596 Christiani
782 1551 1045 1597 Jerusalem
1063 1551 1122 1597 ab
1143 1553 1401 1615 impiorum
1417 1551 1633 1597 manibus
1652 1552 1921 1596 Turcorum

506 1646 633 1674 anno
650 1628 709 1674 ab
723 1629 1050 1677 incarnatione
1064 1630 1258 1677 Domini
1279 1641 1332 1676 ΜΟ
1344 1640 1418 1676 xc⁰
1434 1638 1499 1676 1x⁰
1516 1629 1857 1684 liberaverunt,
1875 1637 1921 1673 et

507 1705 782 1752 multotiens
805 1722 863 1752 ex
888 1706 1021 1770 ipsis,
1047 1706 1235 1754 Christo
1258 1707 1398 1765 (luce,
1431 1706 1798 1771 triumpharunt.
1821 1706 1922 1751 Hoc

507 1793 663 1829 autem
695 1784 859 1847 ingens
893 1783 1076 1830 bellum
1101 1793 1157 1832 11⁰
1195 1784 1295 1831 idus
1333 1786 1514 1849 augusti
1548 1786 1723 1830 sactum
1757 1793 1849 1839 est,
1879 1793 1925 1829 et

506 1859 834 1907 Christianitas
852 1860 1028 1926 ubique
1047 1873 1286 1908 terrarum
1305 1863 1403 1909 Deo
1426 1863 1598 1926 gratias
1617 1861 1815 1908 exaltata
1838 1870 1920 1906 est.

571 1938 747 1987 XVIII.
791 1940 1045 2005 Hucusque
1082 1940 1366 1988 venerabilis
1405 1940 1609 1987 Baldrici
1651 1948 1925 2004 prosecutus

507 2033 611 2062 sum
633 2017 824 2080 vestigia
839 2053 851 2073 ,
885 2027 931 2064 et
958 2034 1174 2064 veracem
1202 2018 1287 2064 feci
1318 2019 1645 2064 narrationem
1668 2017 1726 2063 de
1748 2017 1923 2062 famosa

507 2093 680 2139 Christi
704 2095 899 2152 militia,
927 2112 1034 2159 quae
1052 2097 1248 2160 juvante
1270 2096 1371 2143 Deo
1397 2096 1646 2160 insigniter
1670 2092 1924 2141 debellavit

511 2172 557 2217 in
582 2171 693 2218 Eois
718 2171 932 2235 partibus
959 2172 1263 2221 ethnicorum
1293 2175 1522 2221 examina.
1546 2173 1709 2219 Multis
1734 2173 1782 2218 in
1808 2170 1922 2218 locis

508 2248 640 2312 operi
671 2259 837 2296 nostro
867 2250 1043 2297 inserui
1066 2251 1229 2298 eadem
1252 2251 1394 2297 verba
1419 2251 1641 2316 sophistae
1656 2286 1667 2306 ,
1694 2251 1813 2296 sicut
1834 2247 1920 2294 de-

508 2335 806 2387 prompserat
823 2326 944 2388 ipse;
964 2344 1063 2374 non
1088 2345 1222 2374 ausus
1238 2328 1377 2375 aliter
1394 2329 1491 2392 ejus
1507 2327 1630 2374 dicta
1650 2325 1918 2391 propalare,

553 2505 604 2549 (1)
622 2504 659 2540 Si
681 2504 753 2539 l’on
771 2518 817 2540 en
836 2508 975 2554 croyait
994 2509 1109 2543 W⁷ace
1127 2510 1173 2554 (t.
1196 2510 1252 2552 II,
1276 2523 1312 2556 p.
1332 2509 1440 2556 322),
1460 2518 1516 2545 cet
1534 2508 1710 2545 etendard
1729 2508 1847 2543 aurait
1863 2508 1920 2542 ete

509 2561 642 2608 depose
660 2575 726 2609 par
743 2563 883 2599 Robert
902 2565 991 2600 dans
1008 2566 1145 2613 l'eglise
1164 2566 1208 2601 de
1228 2567 1260 2602 la
1279 2568 1569 2604 Sainte-Trinite
1587 2568 1631 2602 de
1650 2568 1768 2610 Caen3
1788 2566 1876 2600 mais
1894 2563 1922 2601 il

507 2628 562 2656 est
579 2622 753 2668 probable
770 2624 916 2671 qu'avec
935 2638 999 2660 son
1026 2638 1097 2672 peu
1115 2626 1359 2663 d‘exactitude
1377 2628 1560 2669 habituel,
1578 2628 1604 2662 il
1628 2640 1715 2663 aura
1735 2625 1921 2662 confondu

507 2681 710 2717 Petendard
728 2683 773 2718 de
789 2683 820 2718 la
838 2684 982 2720 hataille
997 2686 1188 2721 d'Ascalon
1204 2699 1286 2722 avec
1303 2688 1461 2736 quelque
1475 2695 1578 2723 autre
1593 2688 1753 2735 drapeau
1767 2687 1920 2734 conquis

509 2753 573 2787 par
592 2742 625 2776 le
644 2742 714 2777 duc
734 2743 823 2777 dans
842 2744 873 2778 le
894 2756 1000 2779 cours
1020 2745 1128 2781 d'une
1151 2759 1282 2793 guerre
1303 2749 1396 2783 aussi
1418 2748 1569 2783 seconde
1588 2761 1633 2783 en
1655 2747 1854 2794 depouilles
1875 2746 1918 2781 dc

510 2813 549 2835 ce
569 2814 697 2847 genre,
717 2815 788 2850 que
809 2803 840 2837 la
860 2806 1040 2851 premiere
1063 2806 1239 2841 croisade.
