2033 3445
56 278 167 330 [944]
556 274 707 313 LIBER
735 273 943 312 SEXTUS.
1402 277 1453 313 93

50 366 315 431 peculium,
349 374 392 409 et
418 362 688 424 diligentem
717 371 760 405 te
789 359 990 405 trucides
1006 358 1275 422 populum?
1301 361 1458 406 Mali-

57 442 188 490 volus
221 452 264 487 et
296 439 470 504 infidus
500 438 643 501 regite
672 436 917 501 majestati
948 434 1249 500 comprobari
1270 447 1454 498 potest,

57 522 137 584 qui
173 517 529 583 persuasionem
580 524 628 559 ut
667 514 896 579 proprias
941 514 1158 576 regiones
1186 509 1327 574 jerro
1374 531 1455 558 seu

40 594 254 658 flamma
271 592 554 648 devastares,
579 590 665 635 tibi
683 589 885 651 largitus
907 599 989 634 est.
1017 588 1098 632 His
1121 587 1315 651 aliisque
1338 588 1461 633 leni-

55 669 141 715 bus
160 667 314 714 verbis
333 683 415 713 cor
433 666 554 730 regis
576 665 842 712 emollitum
861 674 952 720 est,
974 674 1020 710 et
1041 662 1232 709 dimisso
1251 663 1460 709 exercitu

57 747 150 809 ipse
172 761 255 790 rex
280 760 385 790 cum
410 741 652 789 Bernardo
678 742 994 805 Rotomagum
1021 740 1254 804 ingressus
1276 750 1361 785 est.
1387 739 1458 785 lbi

55 837 214 886 regem
236 818 501 866 Bernardus
525 837 630 866 cum
662 818 842 882 ingenti
868 817 1040 863 civium
1066 815 1276 880 tripudio
1303 832 1462 862 susce-

54 898 145 961 pit,
170 897 343 961 dapsile
365 896 636 943 convivium
656 895 965 959 praeparavit,
993 894 1239 957 ipsumque
1256 909 1342 957 per
1358 893 1461 956 plu-

52 976 197 1023 rimos
218 974 314 1021 dies
342 992 450 1021 cum
474 990 658 1020 summo
687 974 846 1019 favore
876 972 1098 1018 detinuit.
1130 971 1344 1035 Cumque
1375 986 1458 1016 rex

51 1052 249 1118 quadam
272 1051 347 1099 die
370 1063 475 1116 post
499 1051 751 1116 prandium
777 1052 822 1096 in
851 1051 954 1096 aula
980 1049 1230 1113 principali
1257 1047 1459 1095 resedis-

51 1141 142 1189 set,
168 1141 214 1177 et
238 1147 344 1175 cum
362 1128 448 1174 sihi
474 1127 782 1174 assidentibus
805 1128 939 1173 laetus
962 1127 1149 1190 negotia
1174 1126 1308 1189 regni
1331 1135 1461 1171 trac—

53 1217 212 1262 tasset,
239 1206 384 1252 solers
413 1204 680 1251 Bernardus
703 1204 974 1268 ambiguam
1004 1203 1223 1267 plurimis
1256 1202 1462 1248 locutio-

53 1300 164 1330 nem
186 1281 350 1328 callide
383 1292 648 1345 promovet.
683 1286 884 1345 Ingens,
923 1280 1100 1344 inquit,
1134 1279 1399 1343 gaudium,
1434 1296 1461 1324 o

55 1361 372 1407 Normannici
395 1377 635 1424 proceres,
670 1359 806 1405 nobis
841 1370 1055 1404 exortum
1087 1368 1176 1414 est,
1207 1357 1334 1402 unde
1357 1357 1463 1402 Deo

54 1442 240 1502 gratias
261 1456 484 1502 agamus,
514 1448 563 1482 ut
585 1438 786 1500 dignum
806 1447 888 1481 est.
918 1436 1167 1481 Hactenus
1192 1435 1463 1479 servivimus

58 1516 176 1561 duci
191 1515 251 1560 de
262 1516 493 1578 progenie
510 1514 751 1567 Rollonis;
771 1529 900 1558 nunc
920 1512 1105 1558 volente
1123 1511 1224 1556 Deo
1238 1528 1463 1575 paremus

57 1595 161 1656 regi
187 1609 359 1656 magno
390 1592 448 1637 de
470 1594 709 1657 prosapia
744 1590 912 1636 Caroli
938 1590 1115 1653 Magni
1140 1589 1458 1652 imperatoris.

56 1670 170 1715 Huc
189 1686 334 1733 usque
337 1666 533 1732 fuimus
554 1668 769 1726 ducales,
794 1686 924 1714 nunc
942 1685 1052 1713 vero
1072 1684 1234 1713 sumus
1254 1665 1460 1730 regales,

57 1747 136 1793 vel
159 1748 290 1810 quod
322 1750 477 1811 majus
502 1758 595 1804 est,
625 1746 913 1811 imperiales.
943 1745 1156 1809 Cumque
1181 1759 1345 1790 omnes
1370 1742 1464 1789 hu-

51 1822 307 1887 juscemodi
333 1823 628 1870 sermonibus
655 1822 1026 1886 applaudissent,
1063 1833 1109 1868 et
1135 1821 1292 1868 Gallos
1321 1820 1463 1867 blan-

58 1900 127 1947 dis
151 1901 509 1964 sophismatibus
535 1902 808 1958 illusissent,
838 1901 1008 1946 iterum
1031 1899 1297 1946 Bernardus
1321 1900 1466 1946 silen-

60 1979 179 2024 tium
201 1978 362 2041 petiit,
388 1979 660 2043 cunctisque
685 1977 946 2026 tacentibus
974 1978 1032 2024 ita
1056 1977 1175 2024 dixit
1197 1997 1206 2023 :
1230 1982 1288 2023 In
1308 1977 1465 2023 multis

61 2057 373 2118 sagacitatem
399 2058 698 2102 Francorum
721 2054 939 2121 approbo
951 2077 971 2110 ,·
1001 2064 1327 2100 verumtamen
1356 2054 1461 2099 Do-

62 2134 214 2177 minus
238 2150 367 2178 meus
392 2151 476 2178 rex
502 2151 646 2180 unam
653 2132 782 2196 jecit
806 2151 899 2178 rem
926 2150 1070 2196 quam
1093 2150 1191 2178 non
1214 2131 1364 2177 laudo
1375 2168 1390 2187 ,
1419 2132 1468 2176 in

64 2226 159 2272 qua
178 2209 406 2255 damnum
425 2211 528 2274 ejus
548 2222 591 2257 et
607 2213 871 2257 maximum
890 2210 1096 2256 dedecus
1110 2210 1268 2255 video.
1283 2209 1466 2255 [Votum

63 2297 131 2332 est
151 2287 365 2333 omnibus
390 2289 522 2352 quod
548 2290 688 2353 Hugo
715 2291 927 2350 Magnus
945 2287 1155 2352 perficias
1181 2298 1270 2343 est,
1297 2297 1339 2331 et
1360 2304 1470 2351 pro-

64 2362 225 2409 ditoris
245 2364 416 2428 filius,·
449 2367 529 2411 cui
563 2383 648 2411 rex
672 2377 827 2411 noster
854 2367 1027 2411 nimias
1060 2366 1187 2411 vires
1220 2365 1368 2409 auxit
1402 2363 1471 2409 ad

64 2458 222 2498 suum,
250 2443 303 2487 ni
312 2441 492 2507 fallor,
520 2443 753 2501 dedecus,
783 2444 905 2490 dans
930 2444 1005 2489 illi
1040 2443 1343 2489 Ooeimensem
1367 2459 1468 2506 pa—

62 2533 177 2578 gum
205 2529 247 2562 et
276 2519 640 2566 ('0nstanaeinmn
670 2539 776 2566 cum
805 2520 965 2566 multis
997 2531 1294 2566 armatorum
1318 2517 1470 2563 milli-

68 2590 169 2637 bus.
212 2595 432 2641 Pestilens
469 2597 771 2643 consiliarius
809 2596 1072 2662 simplicem
1111 2596 1271 2641 lterum
1311 2593 1470 2639 dolose

69 2668 273 2733 decepit,
312 2684 354 2718 et
381 2674 583 2720 cultrum
611 2677 659 2720 in
685 2676 896 2721 animani
922 2692 1084 2731 suam,
1106 2673 1306 2737 justitia
1331 2673 1471 2717 truti—

71 2759 234 2805 nante,
265 2750 458 2813 (lefimit,
489 2755 571 2815 qui
606 2754 792 2799 domino
817 2771 902 2799 suo
936 2750 1201 2814 confortare
1230 2752 1468 2795 inimicum
