2033 3445
42 295 178 343 [1082]
528 288 678 327 LIBER
705 287 968 326 SEPTIMUS.
1371 298 1446 335 189

43 387 229 442 garunt,
251 386 297 421 et
318 374 443 439 quod
462 385 567 438 post
585 373 834 419 transitum
853 372 1073 437 Gregorii
1095 374 1196 422 Odo
1210 377 1448 426 Romanus

42 456 160 518 Papa
183 454 329 508 foret,
359 461 710 514 compererunt.
751 451 852 496 Hoc
885 451 1076 497 audiens
1109 452 1239 512 Odo,
1273 458 1447 517 praesul

43 531 323 595 Bajocensis,
359 529 439 592 qui
475 545 581 575 cum
610 528 754 574 fratre
787 545 870 574 suo
900 529 1157 577 Guillelmo
1181 547 1291 595 rege
1318 532 1448 579 Nor-

42 607 223 654 mannis
250 605 586 653 dominabatur
611 616 657 652 et
682 605 877 669 Angli8‚
907 606 1256 669 parvipendens
1287 620 1448 672 potes-

44 696 155 730 tates
186 694 232 730 et
266 683 448 729 divitias
482 683 617 747 regni
650 682 973 740 occidentalis,
1009 685 1096 730 nisi
1124 686 1231 749 jure
1255 699 1450 750 papatus

40 761 366 808 dominaretur
402 761 537 806 latius
578 771 623 806 et
663 759 882 807 omnibus
923 762 1199 826 terrigenis,
1248 764 1447 811 Romam

41 823 444 900 misitjpalatium
464 837 550 883 sibi
575 838 714 893 emit,
744 848 981 885 senatores
999 839 1238 899 Quiritum
1264 844 1448 906 magnis

41 914 313 961 muneribus
355 915 473 961 datis
514 914 602 961 sibi
645 916 846 961 amicitia
886 917 1147 980 copulavit,
1192 919 1448 981 palatium—

41 1010 130 1058 que
158 1011 291 1039 suum
322 993 481 1039 multis
510 992 774 1057 sumptibus
803 1005 849 1040 et
873 994 1121 1058 superfluis
1149 996 1450 1060 apparatibus

41 1072 300 1118 exornavit.
323 1072 589 1135 Hugonem,
614 1072 930 1119 Cestrensium
950 1074 1189 1131 comitem,
1209 1093 1451 1140 magnam-

40 1165 130 1213 que
152 1148 397 1196 cohortem
414 1149 764 1212 praecipuorum
784 1150 991 1196 militum
1008 1152 1169 1197 ascivit
1182 1187 1195 1208 ,
1222 1163 1274 1197 ut
1292 1169 1450 1200 secum

41 1226 86 1271 in
112 1226 293 1271 Italiam
311 1226 725 1289 proficiscerentur
740 1225 1029 1283 obsecravit,
1051 1239 1098 1274 et
1117 1229 1322 1293 ingentia
1345 1248 1450 1294 pre-

40 1302 170 1348 cibus
192 1303 417 1366 promissa
446 1302 674 1367 prodigus
699 1302 892 1349 addidit.
922 1304 993 1350 Illi
1019 1321 1160 1361 vero,
1187 1307 1294 1370 quia
1321 1308 1448 1354 Nor-

42 1381 202 1426 manni
245 1380 367 1426 leves
406 1391 452 1426 et
487 1391 644 1426 extera
683 1379 841 1426 videre
874 1380 1028 1444 cupidi
1068 1393 1203 1439 sunt,
1234 1385 1450 1446 protinus

42 1459 377 1522 praesumptori
423 1460 667 1522 episcopo,
711 1458 785 1504 cui
822 1459 1114 1521 principatus
1151 1460 1370 1507 Albionis
1406 1475 1446 1508 et

42 1534 274 1581 Neustriae
306 1552 402 1581 non
429 1534 682 1580 sufficiebat
698 1571 711 1593 ,
736 1546 1049 1581 assenserunt.
1085 1536 1304 1600 Ingentes
1327 1556 1452 1602 quo—

39 1628 132 1676 que
160 1612 348 1668 fundos,
378 1629 494 1676 quos
529 1612 574 1656 in
599 1611 803 1657 occiduis
832 1612 1099 1658 climatibus
1122 1613 1448 1676 possidebant,

40 1688 254 1735 deserere
295 1688 640 1746 decreverunt,
675 1707 726 1735 ac
765 1700 816 1735 ut
852 1690 1048 1752 praefato
1090 1692 1278 1754 praesuli
1323 1704 1451 1739 trans

43 1765 217 1812 Padum
238 1767 596 1822 comitarentur,
625 1783 710 1829 per
733 1765 873 1812 fidem
895 1767 1272 1830 spoponderunt.

109 1843 399 1908 Apparatum
422 1843 685 1908 hujusmodi
712 1843 919 1907 prudens
943 1861 1025 1890 rex
1050 1846 1333 1893 Guillelmus
1352 1848 1452 1895 edi—

43 1919 182 1978 dicit,
208 1920 286 1967 sed
324 1938 419 1967 non
455 1919 761 1983 approbavit,
791 1938 1032 1985 regnoque
1056 1939 1138 1968 suo
1156 1959 1168 1979 ,
1197 1924 1452 1988 multisque

45 1997 143 2043 aliis
177 1996 309 2044 valde
334 1998 606 2044 nociturum
637 1997 901 2042 aestimavit.
938 1997 1075 2044 Unde
1103 1999 1378 2046 festinanter
1406 2001 1451 2047 in

47 2073 267 2139 Angliam
291 2075 634 2130 transfretavit,
661 2092 712 2120 ac
738 2074 889 2121 Odoni
916 2075 1134 2139 episcopo
1159 2094 1266 2122 cum
1285 2077 1452 2141 grandi

46 2168 214 2215 pompa
239 2153 459 2216 navigare
485 2152 529 2197 in
563 2151 906 2198 Nox-manniam
942 2154 1172 2216 cupienti,
1201 2170 1258 2199 ex
1291 2156 1452 2218 inspe—

46 2240 148 2276 rato
172 2230 219 2275 in
237 2230 384 2275 insula
408 2229 550 2276 Vecta
573 2230 643 2291 (ι)
665 2228 890 2275 obviavit.
914 2228 984 2275 Ibi
1005 2231 1235 2277 nimirum
1257 2249 1454 2297 congre-

49 2377 181 2409 mort'ot·
198 2378 235 2410 in
254 2377 382 2412 exilio,-
406 2376 494 2409 mais
520 2375 551 2408 la
578 2375 800 2422 inagnifiquc
818 2377 969 2421 i'issponsc
987 2375 1031 2410 de
1046 2376 1121 2410 l'un
1143 2376 1205 2411 des
1230 2378 1363 2424 prelats
1388 2382 1451 2427 qui

47 2432 271 2468 l’assistaient
294 2447 312 2468 a
334 2447 380 2468 cu
405 2435 523 2468 moins
546 2433 591 2468 (lc
619 2433 796 2480 publicite
821 2449 826 2466 ς
854 2434 940 2468 [Van
968 2441 1088 2480 potes,
1113 2436 1277 2479 domine,
1298 2440 1392 2471 mom·
1417 2441 1451 2472 in

48 2493 171 2535 exilio,
200 2496 263 2539 qui
280 2495 316 2527 in
336 2496 415 2527 vice
438 2493 575 2527 Christi
593 2499 627 2526 el
644 2493 891 2538 ιιρωςίωίοιίυη
913 2494 992 2540 ejus
1011 2497 1185 2540 accepisti
1201 2502 1328 2541 gentes
1349 2498 1453 2532 het-1.»-

49 2551 214 2595 (lilalem,
237 2559 269 2586 cl
281 2555 545 2597 pasus-caminaem
564 2555 737 2587 [erminus
757 2559 875 2586 terroe.

93 2611 142 2656 (ι)
156 2611 240 2645 L'ile
254 2611 298 2644 dv
312 2612 351 2643 U
367 2612 458 2655 igini.
470 2613 694 2658 —Quoiqiw
708 2612 738 2645 la
752 2612 871 2645 vanitc
888 2618 923 2645 rt
939 2612 1136 2647 l⁷ainbition
1151 2613 1299 2649 d'Odon
1316 2616 1455 2652 fussent

50 2670 165 2715 ‹igalcs
186 2673 204 2704 ἐι
221 2682 284 2704 son
305 2672 458 2712 avaricc,
484 2683 574 2705 nous
592 2684 698 2705 avons
717 2672 823 2718 peine
841 2674 859 2705 a
881 2673 997 2705 croirc
1014 2673 1102 2720 qu’il
1123 2674 1174 2708 ait
1194 2675 1455 2711 serieusement

51 2730 158 2774 pense
171 2731 188 2762 {i
209 2731 375 2776 parvenir
390 2733 407 2764 ii
426 2730 457 2764 la
477 2733 650 2777 papante,
673 2743 719 2764 ou
740 2730 856 2764 meino
876 2731 894 2763 ἐι
912 2729 999 2765 aller
1016 2732 1101 2768 fixer
1116 2745 1150 2767 sa
1169 2733 1356 2770 residencc
1375 2738 1454 2781 pres

50 2787 133 2820 d'un
149 2788 285 2833 pontifi.-
304 2787 347 2821 dc
365 2801 496 2822 nioetl'i's
511 2790 602 2823 aussi
624 2789 759 2826 riaidos
777 2796 811 2823 et
830 2787 938 2822 ‹l'unc
957 2790 1099 2825 voloni(-
1113 2793 1204 2825 aussi
1223 2792 1368 2828 absolue
1383 2807 1453 2840 quc
