2085 3455
568 369 642 405 116
928 362 1169 401 HISTORIA
1201 360 1601 398 ECCLESIASTICA.
1698 360 1965 408 [1133-1137]

564 451 740 498 dudum
761 467 851 514 pro
873 449 1044 495 amoris
1059 448 1257 511 pignore
1276 445 1481 492 dederat.
1501 446 1691 491 Timens
1709 455 1863 490 autem
1880 462 1967 508 pro

566 528 758 575 diversis
771 526 916 573 causis
931 523 1045 571 illud
1061 522 1249 579 habere,
1267 523 1471 569 Fulcone
1488 522 1761 586 presbytero
1777 521 1969 566 Manliae

569 604 820 657 mediante,
843 601 1054 649 accersiit
1071 599 1377 646 Guillelmum
1402 599 1458 646 de
1482 600 1740 646 Mosterolo
1764 598 1973 661 priorem

568 681 784 736 Manliae,
818 680 951 743 eique
983 677 1203 740 reliquias
1241 675 1430 721 tradidit
1461 675 1732 722 deserendas
1761 676 1971 721 Uticensi

567 758 789 804 ecclesiae.
816 755 879 801 At
899 755 977 801 ille
997 753 1201 818 gaudens
1220 770 1390 798 munus
1408 754 1611 816 excepit,
1634 764 1680 799 et
1695 754 1815 816 jussa
1833 770 1977 816 quan-

572 836 718 881 tocius
758 832 1024 897 complevit.
1069 832 1122 876 ln
1163 831 1331 876 itinere
1370 829 1482 875 dum
1522 831 1792 888 festinaret,
1832 830 1976 874 sancti

570 912 715 976 patris
740 910 882 957 sensit
912 908 1203 972 suffragium.
1236 908 1461 953 Praesatus
1486 908 1614 953 enim
1639 906 1773 970 prior
1797 906 1844 952 in
1872 905 1979 953 cibo

571 1006 803 1036 venenum
840 987 1021 1034 nescius
1056 985 1383 1041 manducavit,
1423 984 1551 1048 quod
1589 984 1805 1047 protinus
1842 984 1980 1047 equi-

573 1066 711 1112 tantis
733 1082 819 1128 per
842 1063 1055 1109 membra
1076 1073 1122 1108 et
1145 1063 1318 1108 viscera
1350 1079 1443 1108 sese
1473 1061 1678 1107 diffudit.
1707 1060 1771 1107 At
1796 1061 1872 1106 ille
1887 1097 1899 1117 ,
1931 1071 1982 1106 ut

571 1153 776 1188 mortem
807 1140 938 1187 cordi
972 1141 1173 1186 vicinam
1205 1139 1370 1195 sensit,
1396 1138 1729 1186 formidolosus
1752 1137 1809 1184 ad
1834 1138 1983 1183 Deum

572 1216 872 1273 exclamavit,
901 1227 947 1261 et
969 1226 1022 1261 ut
1044 1215 1131 1260 sibi
1158 1232 1242 1277 per
1266 1215 1430 1260 merita
1458 1216 1603 1261 sancti
1630 1213 1816 1260 Ebrulfi
1841 1214 1984 1262 mise.-

575 1305 759 1342 reretur
777 1293 946 1340 oravit.
968 1292 1118 1338 Factis
1139 1292 1293 1355 itaque
1312 1291 1530 1354 precibus
1548 1303 1594 1337 et
1614 1293 1732 1338 votis
1751 1308 1984 1338 venenum

575 1370 811 1427 evomuit,
845 1369 1031 1433 citoque
1063 1379 1269 1424 sanatus,
1308 1367 1525 1414 salvatori
1556 1386 1638 1414 suo
1665 1368 1835 1432 gratias
1864 1368 1982 1431 egit,

576 1461 622 1495 et
652 1447 872 1512 reliquias
910 1446 1117 1492 Uticensi
1155 1444 1377 1491 coenobio
1412 1445 1547 1491 laetus
1582 1444 1816 1502 exhibuit,
1850 1455 1987 1507 atque

578 1525 760 1573 easdem
785 1534 981 1588 argento
1006 1522 1226 1569 decenter
1251 1522 1441 1568 inclusit
1464 1523 1554 1585 (1).

645 1603 687 1665 [ι
709 1601 837 1664 130]
870 1600 1012 1646 Anno
1036 1599 1095 1645 ab
1132 1599 1454 1645 incarnatione
1480 1600 1671 1646 Domini
1710 1610 1761 1644 Μ0
1785 1609 1828 1645 c⁰
1854 1603 1987 1654 xxx⁰,

581 1679 834 1733 Guarinus,
859 1677 1081 1740 septimus
1104 1675 1262 1731 abbas,
1283 1675 1543 1721 Resbacum
1567 1674 1698 1732 adiit,
1723 1675 1803 1721 ubi
1825 1674 1993 1721 medie-

586 1767 727 1802 tatem
754 1754 966 1817 corporis
995 1753 1042 1798 S.
1074 1752 1261 1798 Ehrulfi
1286 1769 1379 1798 esse
1405 1751 1628 1798 audierat.
1657 1752 1774 1798 Cum
1802 1751 1996 1815 praefato

587 1844 719 1897 patre
731 1832 824 1877 duo
834 1831 1055 1877 monachi
1068 1829 1266 1892 profecti
1281 1841 1390 1875 sunt
1408 1850 1416 1874 :
1432 1829 1533 1878 Odo
1547 1847 1749 1893 namque
1762 1829 1819 1875 de
1830 1829 1998 1875 Moste-

590 1911 711 1967 rolo‚
730 1920 775 1955 et
788 1908 1024 1954 Guarinus
1041 1907 1290 1970 Sagiensis,
1312 1918 1364 1952 ut
1380 1918 1535 1953 sancta
1552 1907 1697 1970 patris
1715 1908 1783 1952 sui
1802 1907 2002 1970 pignora

591 1996 878 2052 thererent²
902 1985 1108 2031 comitati
1128 1995 1237 2029 sunt
1250 2004 1262 2041 ,-
1290 1983 1460 2047 quibus
1478 1984 1696 2047 plurimae
1715 1982 2005 2029 difficultates

594 2065 916 2127 contigerunt.
965 2061 1141 2107 Natalis
1181 2062 1307 2107 enim
1323 2097 1333 2117 ,
1383 2060 1684 2107 Resbacensis
1725 2060 1866 2106 abbas
1904 2061 1975 2123 (2)
1991 2096 2004 2118 ,

596 2142 780 2197 aberat;
811 2139 1028 2185 voluntas
1059 2149 1345 2193 conventus,
1373 2155 1471 2184 non
1499 2148 1551 2183 ut
1575 2137 1779 2200 hospites
1797 2173 1807 2192 ,
1844 2135 1920 2182 sed
1956 2147 2007 2181 ut

598 2220 768 2275 hostes,
785 2234 861 2263 eos
885 2232 1048 2263 cavere
1065 2226 1181 2261 erat.
1210 2216 1298 2260 Par
1318 2215 1459 2261 etiam
1478 2215 1738 2261 incolarum
1759 2214 2001 2270 alienatio,

598 2294 757 2342 verbis
794 2293 1084 2340 desolatoriis
1122 2303 1172 2337 ut
1211 2292 1454 2356 sugerent,
1495 2291 1778 2338 deterrebat.
1820 2292 2005 2337 Bonum

605 2384 759 2418 tamen
791 2370 1073 2417 desiderium
1099 2369 1225 2433 quod
1256 2369 1514 2425 habebant,
1547 2368 1806 2425 crescebat,
1840 2384 2008 2431 eosque

602 2449 749 2512 magis
773 2446 829 2493 ad
851 2446 1070 2492 effectum
1095 2445 1412 2509 pertrahebat.
1450 2444 1606 2490 Abbas
1637 2462 1750 2508 ergo
1766 2481 1777 2498 ,
1813 2442 2008 2488 dimissis

653 2650 703 2693 (1)
727 2648 777 2682 Ce
804 2644 1014 2681 Guillaume
1039 2645 1082 2678 de
1111 2645 1327 2686 Montreuil,
1355 2645 1478 2690 prieur
1505 2643 1549 2677 dc
1574 2643 1712 2686 Manto,
1738 2652 1791 2677 est
1818 2641 2008 2689 probame-

609 2709 707 2737 ment
732 2701 764 2734 le
787 2700 905 2734 rueme
928 2699 1138 2734 G'uillauine
1162 2700 1224 2746 qni
1250 2706 1302 2732 est,
1327 2699 1396 2732 cite
1421 2706 1444 2732 t.
1468 2700 1522 2741 H,
1548 2711 1584 2744 p.
1607 2698 1685 2746 467,
1706 2710 1846 2732 comme
1867 2697 1898 2731 le
1918 2697 2008 2731 troi-

609 2760 719 2792 sieme
733 2756 794 2790 des
812 2755 952 2802 prieurs
968 2754 1012 2788 ‹le
1027 2754 1158 2788 Mutilo.
1174 2755 1268 2788 Dans
1283 2767 1331 2788 un
1349 2766 1494 2800 passage
1510 2753 1705 2800 precedent
1721 2753 1844 2797 (ibid,
1860 2765 1894 2798 p.
1912 2752 2006 2797 444),

608 2814 693 2848 c'est
714 2824 761 2845 un
780 2821 1004 2857 personnage
1021 2811 1167 2843 nonime
1186 2809 1307 2855 Roger
1327 2809 1388 2855 qui
1408 2816 1460 2842 est
1478 2809 1548 2842 cite
1567 2810 1584 2841 a
1603 2820 1635 2842 sa
1657 2809 1768 2854 place.

655 2868 704 2912 (⁶2)
731 2864 888 2907 Natalis,
919 2863 1010 2897 abbe
1037 2863 1081 2897 ‹le
1111 2863 1240 2897 Hehais
1269 2876 1313 2897 cn
1348 2862 1451 2905 1135,
1481 2863 1538 2897 sut
1571 2862 1775 2896 ciiancelicr
1804 2862 1848 2895 ‹lc
1877 2862 2011 2895 Franco

609 2936 653 2957 en
676 2924 779 2963 1140,
801 2932 836 2955 se
855 2919 960 2953 retii-a
981 2931 1042 2952 sur
1061 2919 1088 2951 la
1111 2919 1157 2952 [in
1173 2919 1216 2952 (le
1234 2931 1285 2951 ses.
1303 2919 1398 2961 jours
1416 2921 1432 2952 51
1449 2918 1554 2952 Cluni
1569 2947 1576 2959 ,
1598 2925 1631 2952 ct
1647 2932 1666 2963 y
1684 2930 1777 2951 moui
1792 2924 1829 2951 ut
1846 2929 1888 2950 cn
1913 2930 1918 2950 ι
1935 2915 2010 2957 1417.
