2085 3455
578 313 656 351 530
943 310 1187 349 HISTORIA
1218 308 1624 347 ECCLESIASTICA.
1716 312 1834 358 [VERE
1857 313 1977 360 1098]

573 396 792 444 audacter
824 396 1014 443 Francis
1052 405 1395 453 occurrerunt,
1420 405 1467 440 et
1494 395 1541 440 in
1569 405 1754 440 tantum
1778 397 1977 459 aggressi

571 485 707 532 sunt,
733 485 786 520 ut
810 490 887 522 eos
922 476 971 520 in
1005 475 1165 537 fugam
1194 472 1536 536 compulerint,
1564 473 1833 536 multosque
1852 489 1983 535 pere-

571 553 764 600 merint.
791 552 1005 616 Denique
1029 562 1274 614 comperto
1298 549 1426 614 quod
1446 549 1540 596 duo
1557 549 1747 595 maximi
1765 566 1982 612 proceres

570 629 628 676 ad
649 640 845 693 portum
867 627 1189 674 abscessissent
1204 663 1215 683 ,
1243 625 1551 673 clandestinas
1580 625 1765 672 insidias
1786 641 1982 688 compe-

572 717 728 754 tenter
753 706 1133 761 collocaverunt,
1160 716 1207 750 et
1228 722 1253 750 a
1287 704 1435 751 Portu
1461 704 1619 749 Sancti
1647 703 1877 749 Simeonis
1912 720 1984 747 re-

570 795 780 832 meantes
820 784 1091 829 immaniter
1121 782 1325 846 aggressi
1361 793 1488 828 sunt.
1529 781 1826 844 Impetebant
1856 781 1983 826 enim

571 862 817 909 Sarraceni
843 861 1135 907 Christianos
1154 861 1358 924 sagittis,
1382 859 1594 915 ensibus,
1620 859 1814 914 lanceis,
1840 858 1986 903 missi-

570 941 693 988 libus
726 950 772 985 et
811 937 1087 985 omnimoda
1120 938 1325 983 telorum
1359 937 1655 1001 ingruentia3
1694 936 1984 982 Christianos

571 1015 1012 1064 immisericorditer
1051 1014 1427 1069 obtruncabant,
1468 1025 1514 1060 et
1552 1013 1773 1061 dentibus
1811 1015 1858 1060 in
1907 1030 1983 1059 eos

567 1093 834 1148 stridentes,
861 1091 1185 1138 clamitabant.
1213 1091 1435 1137 Redierat
1454 1091 1630 1155 quippe
1649 1108 1759 1137 cum
1777 1091 1981 1154 praefatis

569 1170 867 1236 principibus
899 1186 1038 1234 gens,
1067 1186 1154 1215 nec
1179 1169 1287 1215 satis
1312 1180 1518 1225 armata,
1548 1185 1634 1215 nec
1662 1169 1867 1214 multum
1890 1186 1982 1232 pu-

569 1267 710 1314 gnax.
748 1248 888 1294 Pauci
929 1246 1183 1294 Christiani
1217 1245 1609 1293 debacchantium
1657 1245 1985 1292 crudelitatem

567 1327 742 1373 diutius
786 1324 968 1389 perpeti
1014 1325 1359 1388 nequiverunt3
1400 1322 1479 1369 sed
1515 1322 1772 1387 peremptis
1811 1322 1860 1368 in
1898 1322 1981 1368 illo

570 1403 796 1451 conflictu
829 1403 934 1467 plus
969 1419 1112 1466 quam
1145 1402 1301 1459 mille,
1337 1402 1413 1448 alii
1440 1402 1682 1466 sugerunt.
1710 1401 1845 1447 Tales
1874 1411 1984 1446 sunt

569 1482 812 1528 bellorum
831 1491 1043 1536 eventus;
1065 1480 1178 1526 tales
1195 1491 1303 1525 sunt
1320 1478 1664 1526 vicissitudines
1675 1489 1721 1525 et
1736 1478 1985 1525 hominum

570 1571 617 1607 et
636 1571 924 1622 temporum.
944 1558 1076 1603 Nulli
1096 1575 1308 1621 unquam
1324 1558 1542 1604 successit
1559 1574 1744 1620 semper
1756 1557 1980 1612 feliciter3

570 1652 715 1683 nemo
757 1652 966 1699 unquam
1007 1633 1063 1679 de
1108 1634 1330 1680 continua
1372 1635 1687 1697 prosperitate
1722 1632 1980 1688 laetabitur,

570 1714 646 1761 vel
670 1713 852 1760 laetatus
876 1724 960 1759 est.
989 1712 1085 1757 Hac
1107 1711 1165 1757 de
1189 1728 1266 1767 re,
1294 1722 1341 1757 et
1366 1710 1572 1757 timenda
1600 1721 1668 1757 est
1702 1722 1749 1757 et
1780 1709 1982 1756 cavenda

573 1793 620 1837 in
661 1790 899 1854 prosperis
929 1790 1209 1846 adversitas;
1238 1789 1464 1852 speranda
1496 1806 1609 1835 vero
1640 1799 1686 1834 et
1709 1787 1913 1852 optanda
1939 1789 1985 1833 ll!

573 1869 778 1916 adversis
812 1868 1118 1932 prosperitas.
1146 1867 1329 1914 Rumor
1362 1866 1420 1913 de
1454 1866 1729 1913 Christianis
1763 1868 1989 1930 superatis

572 1964 649 1994 eos
663 1982 676 2004 ,
699 1946 779 2011 qui
806 1955 1132 1991 remanserant
1146 1981 1158 2001 ,
1180 1943 1315 1991 valde
1341 1944 1638 1992 contristavit
1659 1963 1669 1989 z
1692 1960 1748 1990 eo
1766 1943 1987 1999 maxime,

574 2023 702 2089 quod
741 2034 923 2070 certum
961 2039 1216 2069 numerum
1259 2022 1479 2069 vivorum
1517 2038 1595 2068 seu
1628 2031 1988 2085 peremptorum

574 2119 670 2150 non
688 2101 866 2148 retulit.
887 2100 1104 2157 Plurimi,
1124 2117 1209 2163 per
1221 2110 1446 2146 montana
1461 2110 1695 2163 repenteS,
1718 2109 1983 2153 evaserunt,

576 2191 622 2226 et
643 2178 701 2225 ad
721 2179 924 2225 tentoria
945 2178 1226 2242 quantocius
1254 2177 1517 2224 redierunt.
1546 2176 1871 2234 Boamundus,
1904 2193 1989 2239 per

575 2331 722 2367 defense
737 2331 782 2364 de
797 2342 836 2364 ce
852 2330 1016 2367 chaman.
1037 2329 1287 2376 L'expe'dition
1305 2329 1446 2376 dirigee
1464 2341 1543 2363 vers
1561 2329 1593 2364 le
1612 2329 1986 2364 Port-Saint-Simeon

576 2390 670 2424 avait
694 2387 1034 2436 particuliercment
1057 2400 1150 2435 pour
1173 2388 1240 2422 but
1263 2388 1346 2422 d'en
1370 2400 1536 2421 ramener
1561 2387 1623 2422 des
1650 2388 1814 2421 homines
1840 2400 1989 2434 propi-es

576 2461 645 2482 aux
672 2455 818 2482 travaux
846 2447 891 2481 de
916 2447 1181 2481 construction.
1209 2446 1278 2481 Ces
1304 2454 1453 2481 trax-aux
1477 2446 1600 2480 furent
1620 2446 1700 2480 l'aits
1719 2459 1765 2480 eu
1785 2458 1956 2480 commun
1979 2462 1983 2479 τ

583 2507 689 2554 Quod
708 2513 870 2541 castrum
894 2509 1144 2553 uuusquisque
1169 2507 1348 2553 majorum
1358 2506 1460 2552 fecit
1478 2519 1545 2551 per
1560 2512 1705 2551 paz-tes,
1730 2513 1763 2540 et
1783 2508 1989 2540 munierunt

577 2567 672 2602 illud
691 2580 793 2601 muro
812 2573 845 2600 el
866 2568 1040 2601 immenso
1058 2579 1211 2612 aggere,
1238 2572 1272 2599 el
1293 2565 1570 2612 oedg'sicawerunl
1587 2567 1622 2598 in
1643 2577 1682 2599 eo
1699 2564 1794 2599 (luas
1815 2572 1933 2599 turres
1952 2568 1986 2599 in

580 2627 846 2662 Blaclzomam'a.
868 2626 967 2660 Belli
984 2627 1090 2660 Sacri
1108 2625 1215 2668 Hist„
1239 2637 1293 2659 Lv.
1316 2625 1347 2659 Il
1369 2625 1440 2659 suit
1460 2624 1504 2658 de
1522 2624 1554 2657 lii
1572 2636 1644 2670 que
1661 2624 1782 2658 c'etait
1799 2624 1920 2671 plutot
1939 2638 1988 2659 ιιιι

580 2700 683 2733 camp
702 2687 906 2728 retmiielic,
923 2686 1035 2732 qu'un
1051 2686 1203 2720 chateau
1216 2692 1453 2731 proprement
1467 2684 1539 2726 dit,
1555 2691 1591 2718 et
1606 2684 1638 2718 lc
1655 2691 1748 2719 reste
1762 2684 1812 2718 du
1825 2685 1989 2730 chapitre

580 2759 716 2792 prouvc
738 2746 848 2791 qu⁷on
875 2744 1006 2779 voulait
1031 2757 1104 2779 nou
1129 2745 1329 2779 seulement
1355 2745 1589 2791 intercepter,
1611 2745 1700 2778 mais
1719 2744 1837 2778 meme
1855 2756 1990 2790 couper

582 2806 613 2839 le
631 2813 718 2852 pont
738 2805 782 2839 de
802 2804 983 2839 [Oronte.
1006 2804 1104 2839 *Nous
1125 2811 1330 2847 regrettons
1348 2803 1392 2838 dc
1411 2815 1455 2837 nc
1474 2804 1626 2847 poni-oin·
1643 2803 1674 2837 lc
1693 2803 1783 2837 citer
1796 2816 1840 2837 cn
1858 2804 1987 2837 entier.
