2085 3455
565 315 616 351 62
927 313 1167 352 HISTORIA
1198 313 1598 354 ECCLESIASTICA.

568 399 876 455 habebantur,
903 398 961 445 ab
983 401 1238 458 extraneis,
1259 404 1340 466 qui
1371 419 1503 448 causa
1527 402 1684 447 salutis
1709 402 1820 448 illuc
1843 419 1964 448 con-

566 477 797 533 fluebant,
840 477 1254 524 conculcabantur.
1285 477 1363 523 Ab
1387 478 1551 524 eodem
1583 489 1794 541 tempore
1818 478 1964 524 mira—

567 557 670 602 cula
689 555 938 600 sanitatum
958 554 1131 601 ibidem
1153 555 1253 601 fieri
1279 566 1596 613 cessaverunt,
1616 555 1823 620 quandiu
1844 572 1967 618 prae—

567 635 683 680 i‘atus
697 632 1002 696 Bereugarius
1021 644 1066 679 et
1081 632 1272 678 heredes
1289 634 1383 696 ejus
1398 633 1605 679 Leterius
1628 645 1674 679 et
1691 633 1967 680 Guillelmus

568 723 707 775 atque
725 710 969 756 Gervasius
992 709 1224 773 praeclium
1243 709 1359 755 illud
1383 710 1706 772 possederunt.

636 787 920 851 [wo-596]
944 807 966 830 t(
983 787 1191 850 Erogato
1210 786 1393 850 (itaque
1412 804 1436 831 a
1456 786 1503 831 S.
1526 785 1746 849 Ebrulso)
1767 788 1834 850 (ι)
1853 805 1970 851 pane

568 868 786 933 pauperi,
815 885 919 914 ecce
952 878 1057 913 ante
1089 866 1209 912 Solis
1236 883 1449 912 occasum
1479 866 1670 930 quidam
1702 867 1971 913 clitellarius

568 947 762 993 astitisse
782 963 868 1009 pro
886 943 1065 990 foribus
1083 944 1263 990 cellulae
1282 945 1405 989 visus
1424 955 1508 1000 est,
1529 961 1647 1007 pane
1663 957 1710 991 et
1723 946 1836 991 vino
1854 945 1975 992 suffi-

569 1025 747 1071 cienter
763 1034 971 1070 onustus.
996 1021 1083 1081 Qui
1104 1039 1216 1068 vero
1233 1038 1337 1067 eum
1359 1020 1630 1080 adduxerat,
1652 1022 1809 1069 dicens
1825 1040 1871 1070 se
1890 1024 1977 1069 soe-

571 1113 840 1149 neratorem
859 1101 929 1163 (2)
955 1116 1073 1154 esse,
1100 1099 1371 1144 ministrum
1391 1098 1649 1146 advocavit.
1678 1100 1761 1145 Cui
1786 1100 1974 1146 tradens

572 1198 677 1244 quae
697 1179 943 1233 detulerat,
967 1178 1030 1222 ait
1049 1198 1058 1222 :
1081 1176 1409 1239 Vaslefinter,
1430 1189 1472 1223 et
1490 1177 1557 1223 dcc
1575 1189 1655 1224 luo
1673 1179 1854 1224 abbati,
1873 1179 1975 1238 Quo

571 1257 715 1312 dicto,
739 1255 869 1300 velut
888 1254 977 1299 iter
995 1253 1275 1310 accelerans,
1302 1270 1475 1317 equum
1492 1253 1700 1300 ascendit
1722 1265 1768 1301 et
1786 1255 1976 1301 festinus

572 1333 799 1381 abscessit.
824 1331 1036 1395 Cumque
1057 1341 1191 1393 pater
1214 1347 1464 1393 personam
1491 1330 1666 1377 datoris
1686 1333 1973 1396 requireret,

572 1428 850 1474 responsum
882 1420 949 1455 est
974 1410 1013 1454 ei
1039 1419 1213 1473 quanta
1249 1409 1486 1454 celeritate
1510 1407 1801 1456 discessisset.
1828 1410 1978 1456 Intel-

575 1489 688 1536 lexit
719 1505 831 1552 ergo
852 1486 952 1533 haec
979 1485 1065 1532 sibi
1099 1505 1121 1531 a
1152 1487 1250 1532 Deo
1270 1486 1419 1532 delata
1439 1487 1600 1543 fuisse,
1628 1498 1675 1533 et
1697 1487 1980 1533 exhilaratus

573 1568 765 1631 spirim,
796 1565 967 1629 gratias
991 1565 1086 1628 egit
1108 1565 1269 1626 pietati
1297 1564 1392 1627 ejus
1418 1564 1683 1620 immensae,
1711 1565 1791 1628 qui
1813 1564 1981 1610 multi-

574 1647 718 1711 plicat
740 1641 1113 1690 misericordiam
1140 1660 1269 1687 suam
1297 1642 1440 1688 servis
1461 1641 1573 1703 suis,
1596 1653 1642 1688 et
1670 1642 1825 1688 reddit
1843 1643 1981 1706 plura

575 1741 665 1787 pro
699 1722 873 1786 paucis.
926 1719 1002 1765 Ab
1042 1720 1125 1766 illo
1160 1736 1273 1765 ⁷<ero
1308 1718 1383 1765 die
1426 1737 1670 1784 nunquam
1704 1720 1849 1766 defuit
1892 1721 1982 1766 illis

576 1799 703 1865 quod
726 1799 875 1863 poscit
891 1815 999 1844 usus
1025 1797 1242 1843 humanae
1262 1797 1543 1860 fragilitatis.
1575 1817 1598 1841 »

646 1899 668 1923 α
692 1877 781 1923 Sed
811 1894 919 1923 cum
943 1875 1195 1939 paulatim,
1230 1874 1311 1937 pio
1337 1874 1544 1921 Domino
1571 1886 1825 1938 praestante
1848 1878 1984 1921 auxi-

579 1957 720 2014 lium,
746 1952 1086 2018 temporalibus
1104 1952 1242 1999 bonis
1266 1954 1559 2016 augmentari
1586 1953 1864 2016 coepissent,
1893 1953 1985 1999 duo

579 2034 687 2081 saevi
710 2034 916 2080 latrones
938 2048 993 2079 ex
1012 2031 1099 2076 alia
1124 2029 1393 2093 provincia,
1421 2029 1659 2076 audientes
1679 2031 1985 2093 multiplicari

580 2130 746 2160 eorum
773 2110 1102 2165 substantiam,
1134 2108 1411 2154 direxerunt
1434 2124 1644 2172 gressum
1667 2107 1724 2153 ad
1751 2107 1873 2154 beati
1897 2108 1986 2152 viri

581 2191 824 2247 cellulam,
862 2199 907 2235 et
933 2196 1169 2251 assumpto
1202 2202 1342 2250 grege
1374 2202 1656 2249 porcorum,
1684 2203 1792 2231 cum
1823 2185 1984 2230 silvam

581 2268 737 2333 egredi
770 2267 1068 2321 festinarent,
1096 2265 1389 2328 reciprocato
1416 2265 1585 2310 itinere
1608 2263 1753 2327 ipsam
1776 2279 1987 2309 eremum

582 2356 833 2409 coeperunt
877 2343 1145 2390 circumire.
1204 2342 1265 2387 Et
1311 2358 1408 2387 non
1453 2341 1742 2386 invenientes
1789 2339 1987 2386 liberam

631 2555 681 2602 (ι)
697 2556 843 2588 Autem.
863 2554 972 2598 (Mss.
993 2553 1062 2586 Bec
1079 2559 1116 2586 et
1130 2551 1290 2595 Couch.)

631 2616 681 2659 (2)
694 2614 746 2649 Ce
765 2619 852 2655 mot⁷
867 2611 955 2646 (lans
970 2623 1033 2646 son
1051 2611 1239 2657 acception
1254 2608 1462 2651 habituelle,
1479 2609 1620 2655 signifie
1636 2610 1788 2653 usurier,
1809 2610 1958 2656 preteur
1972 2613 1990 2643 ἐι

588 2685 712 2708 usare.
726 2672 825 2707 Nous
840 2683 994 2718 pensons
1008 2670 1097 2718 qu'il
1112 2670 1189 2705 saut
1206 2670 1239 2705 le
1253 2668 1411 2717 prendre
1427 2669 1473 2702 ici
1490 2668 1579 2702 dans
1596 2668 1684 2703 celle
1699 2669 1988 2716 d'emprunteur,

588 2735 652 2781 qui
678 2732 799 2767 venait
826 2731 958 2765 rendre
982 2742 1064 2764 avec
1084 2742 1194 2765 usure
1223 2742 1262 2764 ce
1290 2728 1377 2776 qu⁷il
1398 2728 1489 2762 avait
1514 2740 1598 2774 recu
1617 2728 1791 2776 quelques
1813 2736 1992 2764 moments

586 2799 821 2839 auparavant.
