2033 3445
615 239 766 276 LIBER
795 238 1000 276 SEXTUS.
1487 238 1510 272 Ε)

119 327 245 392 quod
264 327 358 390 ipse
377 326 514 389 paulo
532 334 637 369 ante
658 324 703 368 in
729 339 887 368 eremo
910 330 1250 367 construxerat.
1274 319 1419 366 Nudis
1438 336 1515 383 pe-

117 403 252 449 dihus
286 401 631 465 appropinquat
664 398 973 454 monasterio,
1009 395 1067 442 ad
1099 411 1290 442 carnem
1328 394 1515 441 indutus

120 481 287 527 cilicio.
309 477 482 524 Audito
502 479 596 542 ejus
612 476 838 532 adventu,
866 475 1054 521 venitur
1074 474 1113 519 ei
1138 473 1326 520 obviam
1349 474 1513 535 procui

123 559 166 603 in
200 556 352 611 bivio,
375 567 421 602 et
446 554 576 601 valde
607 553 946 601 contradicenti
971 552 1131 598 festiva
1161 549 1214 596 fit
1243 569 1266 596 a
1294 549 1517 596 fratribus

121 634 368 697 processio.
395 632 464 678 lbi
484 643 594 678 tunc
613 631 753 678 offert
770 629 1108 693 phylacterium
1134 629 1262 675 omni
1280 644 1395 673 auro
1418 644 1520 690 pre-

122 711 310 768 ciosius,
336 727 441 756 cum
465 709 684 755 calicibus
702 708 850 754 aureis
869 718 914 753 et
934 707 1165 771 argenteis
1181 742 1192 762 ,
1216 716 1261 751 et
1280 705 1378 750 aliis
1402 704 1520 749 mul-

123 788 179 833 tis
211 788 499 834 ornamentis
534 784 846 841 multimodis,
876 787 1085 848 factaque
1121 783 1348 847 petitione
1376 799 1522 827 mun-

122 865 233 910 dum
256 883 362 912 cum
389 865 479 910 suis
496 863 715 911 omuibus
739 863 931 926 reliquit
959 862 1143 925 pompis
1162 871 1208 906 et
1233 859 1492 905 lenociniis.

174 944 322 1006 Igitur
336 960 460 989 anno
470 942 529 988 ab
547 942 866 989 incarnatione
881 941 1071 987 Domini
1092 949 1216 985 Dccc⁰
1229 944 1317 991 v1“‚
1334 937 1517 1000 imperii

121 1021 274 1068 Caroli
291 1022 457 1085 quinto
475 1022 568 1084 (1),
592 1021 639 1066 in
657 1019 807 1065 natale
824 1018 1143 1082 apostolorum
1166 1017 1290 1062 Petri
1309 1026 1355 1061 et
1372 1015 1518 1066 Pauli,

121 1099 398 1145 Guillelmus
423 1115 576 1146 comes
598 1096 852 1144 monachus
874 1095 1018 1141 sactus
1042 1105 1131 1150 est,
1158 1093 1408 1156 subitoque
1433 1092 1522 1136 im—

123 1186 324 1221 mutatus
362 1176 407 1220 in
440 1174 625 1221 Christo
650 1175 758 1219 Jesu
781 1184 827 1219 et
849 1172 1068 1218 alteratus
1096 1181 1180 1217 est.
1207 1170 1370 1216 Factus
1395 1168 1517 1213 enim

121 1251 400 1309 monachus,
425 1251 698 1308 docebatur,
720 1267 804 1297 nec
822 1247 1218 1303 confundebatur;
1241 1243 1525 1307 corripieba-

124 1341 216 1387 tur,
251 1329 328 1376 sed
355 1346 452 1376 nou
483 1329 784 1376 irascebatur.
809 1325 1053 1373 Interdum
1089 1343 1230 1372 caesus
1264 1335 1309 1370 et
1343 1323 1523 1387 injuriis¹

125 1407 274 1461 laesus,
295 1423 391 1453 nou
413 1406 670 1461 resistebat,
694 1422 844 1469 neque
866 1402 1260 1450 comminabatur.
1286 1399 1526 1446 Gaudebat

127 1485 171 1529 in
209 1483 521 1547 subjectione,
557 1493 602 1528 et
635 1481 953 1528 delectabatur
989 1481 1035 1526 in
1067 1480 1195 1526 omni
1235 1477 1518 1542 abjectione,

126 1571 310 1622 paratus
327 1561 504 1606 cunctis
522 1560 714 1614 servire,
736 1558 929 1622 obsequi
950 1568 996 1603 et
1014 1556 1223 1603 obedire.
1247 1554 1526 1601 Proficiebat

125 1638 332 1700 quotidie
364 1637 412 1682 in
444 1637 575 1684 omni
606 1637 849 1682 sanctitate
879 1646 924 1681 et
960 1635 1212 1699 religione,
1242 1634 1357 1680 etin
1395 1633 1522 1678 omni

125 1726 293 1761 sanctae
318 1715 492 1778 regulae
527 1714 877 1770 observatione,
913 1713 1030 1758 sicut
1065 1729 1229 1757 aurum
1261 1711 1306 1756 in
1341 1709 1526 1755 camino

126 1791 328 1837 mirabili
353 1793 581 1839 coctione.
610 1791 974 1845 Monasterium,
998 1788 1125 1852 quod
1143 1799 1251 1834 ante
1274 1785 1527 1834 monacha—

127 1881 224 1915 tum
263 1887 319 1916 ex
357 1881 456 1916 toto
492 1886 589 1916 non
628 1870 907 1932 perfecerat,
944 1866 1270 1932 adjuvantibus
1304 1866 1408 1911 liliis
1436 1866 1527 1910 suis

126 1947 366 1994 Bernardo
391 1959 437 1994 et
453 1947 707 1994 Guillelmo
732 1948 798 2009 (2)
819 1948 958 2010 (quos
981 1943 1276 1992 comitatibus
1296 1944 1387 1988 suis
1412 1960 1528 2005 prae-

126 2025 347 2081 fecerat),
387 2024 727 2089 comitibusque
761 2025 952 2082 vicinis,
984 2024 1178 2086 perfecit
1212 2033 1263 2067 ut
1297 2030 1523 2083 coeperat.

128 2103 373 2149 Difficilem
393 2103 515 2148 viam
541 2101 706 2166 adjam
724 2101 901 2148 dictum
933 2100 1266 2148 monasterinm
1288 2116 1375 2162 pro
1394 2113 1528 2160 aspe—

129 2182 263 2227 ritate
287 2181 524 2227 montium
542 2180 713 2226 direxit
728 2217 740 2236 ,
769 2196 935 2243 rupem
961 2197 1067 2226 cum
1092 2178 1271 2224 malleis
1293 2187 1338 2222 et
1358 2175 1528 2222 securi-

176 2381 225 2426 (i)
239 2381 335 2415 Lisez
353 2396 358 2413 :
379 2380 502 2414 Sexto.

173 2441 223 2485 (π)
251 2441 348 2475 Lisez
378 2457 383 2474 :
420 2441 618 2474 Gaucelino
647 2451 694 2473 ou
728 2439 925 2473 Gotcelitm.
956 2439 1069 2472 §otro
1095 2443 1237 2476 auteur,
1260 2433 1427 2468 d'accord
1448 2445 1529 2466 avoc

129 2511 191 2534 sou
211 2498 412 2541 devancier,
435 2511 525 2533 nous
545 2499 752 2544 represente
770 2498 814 2531 ici
833 2496 865 2532 le
881 2498 988 2544 pieux
1018 2496 1185 2531 cenobite
1208 2494 1393 2540 ‹lisposant
1419 2495 1438 2526 ἰι
1465 2504 1527 2525 son

131 2558 193 2603 gre
210 2557 254 2590 dv
273 2569 326 2592 ses
339 2559 474 2591 comtes
491 2569 631 2591 comme
645 2556 698 2590 s'il
710 2556 774 2591 eut
787 2558 875 2591 vecu
891 2556 1070 2603 plusieurs
1087 2554 1316 2601 generations
1336 2552 1415 2599 plns
1432 2551 1526 2585 tard.

133 2614 161 2648 ll
179 2622 232 2649 est
252 2615 336 2650 bion
355 2616 427 2650 vrai
457 2628 526 2663 que
549 2614 709 2650 Bernard
730 2628 747 2648 a
770 2614 917 2660 possedi·
945 2615 977 2648 le
1004 2614 1124 2648 duclu'.¹
1143 2612 1187 2647 de
1206 2611 1448 2658 Septinianie,
1479 2610 1526 2643 los

132 2676 267 2708 comtes
281 2673 325 2708 de
344 2673 526 2708 Toulouse
545 2681 580 2708 et
600 2673 644 2708 ‹le
663 2673 902 2711 Barcelonne;
924 2674 1011 2708 mais
1031 2685 1070 2708 ce
1089 2685 1133 2707 ne
1150 2672 1205 2706 fut
1223 2671 1329 2718 qu'en
1353 2669 1420 2716 817
1438 2680 1529 2714 pour

133 2730 349 2792 lclprcniicr,
370 2739 404 2766 et
424 2744 466 2765 en
486 2731 551 2766 820
571 2744 662 2777 pour
685 2731 715 2766 lc
734 2731 889 2766 dernier.
