2085 3455
613 313 691 352 472
972 314 1215 353 HISTORIA
1246 314 1308 352 EC
1315 313 1630 353 CLESIASTICA
1641 346 1645 351 .
1747 318 1871 367 [rnna.
1898 320 2020 370 1096]

611 405 799 446 riantur
821 400 1149 458 anathemate,
1178 404 1262 465 qui
1286 401 1376 448 lzoc
1392 402 1722 466 juramentum
1726 399 1905 465 facere
1930 422 2019 450 no-

612 479 803 537 luerint,
824 478 903 525 vel
918 478 1045 526 lianc
1064 481 1447 526 constitutionem
1464 479 1761 537 violaverint,
1779 491 1822 525 et
1838 498 2015 539 omnes,

612 560 698 621 qui
727 559 792 603 eis
829 559 1304 614 communicaverint,
1330 557 1409 603 vel
1441 575 1532 603 sua
1564 557 1868 603 vendiderint
1892 577 1903 603 :
1927 560 2024 606 sive

593 634 760 699 fabri,
782 638 876 682 sive
906 634 997 680 alii
1015 632 1282 697 offi'ciales5
1310 636 1406 680 sive
1436 633 1716 698 presbyteri,
1747 638 1828 698 qui
1852 652 1932 681 eos
1956 636 2026 681 ad

612 714 993 759 communionem
1016 713 1332 775 susceperint,
1361 712 1437 758 vel
1467 711 1680 758 divinum
1715 714 1782 758 eis
1817 711 2024 775 officium

593 787 825 853 fecerint.
855 789 968 835 Hoc
989 791 1130 834 etiam
1155 789 1458 834 anathemate
1464 787 1720 852 feriuntur
1719 787 1954 850 falsarii,
1982 801 2024 835 et

613 877 827 931 raptores
879 877 923 911 et
956 877 1184 931 emptores
1216 865 1523 931 praedarum,
1567 877 1610 912 et
1647 869 1728 929 qui
1761 869 1810 912 in
1854 869 2025 924 castris

612 954 969 1007 congregantur
980 953 1177 1008 propter
1197 942 1493 988 exercendas
1518 946 1743 1007 rapinas,
1775 954 1818 989 et
1841 942 2028 988 domini

611 1023 697 1085 qui
719 1020 893 1067 amodo
920 1038 1000 1067 eos
1023 1022 1298 1067 retinuerint
1318 1026 1365 1065 in
1386 1022 1555 1066 castris
1578 1021 1695 1066 suis.
1723 1021 1791 1066 Et
1812 1024 2026 1066 auctori-

613 1110 710 1145 tate
743 1099 1014 1162 apostolica
1045 1110 1088 1144 et
1113 1108 1278 1144 nostra
1299 1097 1604 1162 prohibemus
1635 1107 1684 1142 ut
1709 1097 1847 1143 nulla
1874 1097 2027 1144 chris-

614 1177 811 1223 tianitas
821 1176 923 1240 flat
946 1178 996 1222 in
1014 1177 1147 1222 terris
1167 1176 1465 1221 dominorum
1488 1174 1692 1220 illorum.

680 1255 722 1300 5.
751 1253 933 1300 Statuit
956 1256 1097 1300 etiam
1115 1264 1286 1299 sancta
1303 1252 1540 1316 synodus,
1564 1261 1614 1297 ut
1634 1268 1795 1297 omnes
1812 1250 2028 1297 ecclesiae

615 1333 685 1378 ita
707 1333 803 1377 sint
830 1332 1048 1377 saisiatse
1069 1330 1131 1377 de
1149 1330 1286 1377 rebus
1312 1332 1439 1385 suis,
1466 1324 1803 1391 sicutfuerunt
1824 1339 2031 1393 tempore

619 1408 872 1454 Guillelmi
894 1409 1047 1473 regis,
1081 1419 1126 1454 et
1154 1426 1262 1454 cum
1294 1407 1471 1454 eisdem
1508 1406 1959 1461 consuetudinibus;
1988 1417 2029 1451 et

615 1486 748 1548 quod
778 1486 939 1533 nullus
973 1487 1125 1533 laicus
1148 1489 1569 1552 participationem
1602 1484 1778 1531 habeat
1809 1486 1858 1530 in
1891 1485 2030 1530 tertia

608 1575 754 1630 parte
777 1564 1005 1621 decimce,
1032 1564 1110 1610 vel
1126 1567 1175 1608 in
1206 1563 1478 1623 sepultura,
1506 1563 1584 1609 vel
1604 1564 1653 1607 in
1676 1562 1920 1609 oblatione
1950 1562 2028 1607 al-

618 1645 762 1697 taris,
799 1658 886 1687 nec
921 1642 1186 1697 servitium,
1214 1657 1302 1687 nec
1333 1640 1549 1704 aliquam
1582 1641 1883 1686 exactionem
1920 1639 2032 1686 inde

619 1721 788 1784 exigat
794 1755 810 1775 ,
821 1730 1003 1783 proeter
1020 1736 1127 1764 eam
1147 1735 1254 1782 quae
1273 1729 1480 1782 tempore
1504 1716 1757 1763 Guillelmi
1771 1718 1897 1781 regis
1915 1735 2031 1764 con-

617 1792 911 1858 stitutafuit.

683 1874 731 1919 6.
772 1872 955 1919 Statuit
976 1875 1117 1918 etiam
1151 1883 1200 1917 ut
1231 1871 1390 1918 nullus
1436 1871 1591 1917 laicus
1625 1870 1705 1916 det
1735 1871 1811 1916 vel
1844 1871 2036 1917 adimat

614 1951 941 2017 presbyterum
958 1950 1172 1997 ecclesia?
1188 1951 1291 1997 sine
1307 1967 1535 1996 consensu
1550 1948 1798 2014 proesulc's,·
1816 1967 1904 1995 nec
1926 1966 2034 1995 ven—

619 2028 735 2086 dat,
763 2046 847 2074 nec
860 2030 1127 2093 pecuniam
1155 2027 1268 2073 inde
1290 2029 1506 2092 accipiat
1514 2045 1530 2082 ,·
1557 2044 1617 2074 ac
1644 2037 1693 2072 ut
1710 2026 1872 2073 nullus
1895 2026 2032 2073 homo

618 2124 809 2154 comam
832 2109 1033 2163 nutriat,
1054 2105 1143 2151 sed
1164 2106 1225 2151 sit
1249 2116 1411 2151 tonsus
1432 2104 1505 2166 (ι)
1518 2140 1532 2161 ,
1559 2105 1682 2150 sicut
1705 2103 1842 2150 decet
1868 2103 2034 2152 Chris-

620 2189 820 2231 tianum.
841 2184 1075 2247 Alioquin
1100 2201 1133 2229 a
1151 2182 1396 2229 liminibus
1412 2193 1593 2228 sanctce
1611 2185 1776 2228 matris
1795 2182 1844 2228 Ε
1847 2182 2032 2229 cclesioe

618 2262 1005 2327 sequestrabitur,
1033 2278 1120 2308 nec
1151 2261 1380 2308 sacerdos
1403 2260 1581 2324 aliquis
1607 2261 1820 2306 divinum
1852 2263 1893 2306 ei
1923 2260 2031 2323 offi-

665 2404 716 2447 (1)
734 2402 796 2438 On
814 2414 859 2436 ne
880 2403 1017 2448 portait
1033 2413 1096 2448 pas
1114 2401 1315 2436 seulement
1330 2400 1383 2434 les
1398 2400 1558 2434 cheveux
1578 2406 1700 2434 courts
1719 2402 1739 2434 ὲι
1756 2406 1850 2434 cette
1869 2401 2027 2446 epoque,

619 2464 710 2497 mais
730 2474 862 2497 encore
880 2461 913 2496 le
933 2469 1083 2496 mentun
1103 2474 1172 2496 ras.
1195 2461 1261 2495 Les
1279 2460 1411 2494 croises
1431 2466 1538 2506 ayant
1553 2459 1658 2493 laisse
1675 2459 1808 2494 croitre
1823 2459 1905 2494 leur
1920 2459 2031 2494 barbe

619 2529 725 2556 avant
743 2520 777 2555 la
792 2520 939 2555 bataille
959 2520 1200 2562 d’Antioche‚
1221 2520 1292 2554 soit
1309 2531 1355 2553 cn
1372 2519 1475 2565 signe
1494 2518 1539 2553 de
1559 2518 1737 2560 tristesse,
1759 2519 1828 2552 soit
1844 2529 1939 2564 pour
1955 2517 2029 2551 dis-

619 2581 769 2616 simulet
788 2581 822 2615 la
840 2581 1028 2627 maigreur
1051 2580 1097 2615 de
1120 2580 1218 2615 leurs
1236 2580 1360 2625 joues,
1382 2590 1430 2613 on
1453 2578 1510 2613 fut
1528 2579 1602 2613 fort
1620 2578 1843 2613 embarrasse
1864 2590 1958 2624 pour
1979 2577 2029 2612 les

619 2639 825 2685 distinguer
851 2639 915 2674 des
942 2639 1190 2683 musulmans,
1217 2645 1255 2673 et
1281 2638 1442 2685 l’eveque
1468 2636 1519 2671 du
1549 2638 1619 2672 Pui
1646 2637 1703 2672 fut
1731 2637 1851 2685 oblige
1876 2637 1922 2672 de
1950 2637 2030 2672 leur

616 2699 895 2735 recommander
913 2698 958 2733 de
976 2706 1101 2745 portet·
1119 2699 1182 2733 des
1200 2698 1300 2732 croix
1320 2710 1382 2732 sur
1400 2696 1498 2732 leurs
1519 2696 1658 2739 habits,
1679 2709 1774 2743 pour
1793 2698 1907 2732 eviter
1927 2703 2029 2731 toute
2059 2699 2062 2701 ’

618 2760 777 2807 meprise
805 2759 987 2793 fdcheuse.
1014 2759 1063 2793 La
1092 2757 1199 2792 mode
1226 2756 1288 2792 des
1316 2756 1470 2803 longues
1497 2755 1648 2799 barbes,
1676 2757 1740 2803 qui
1765 2756 2027 2791 s'introduisait

618 2819 748 2865 depuis
763 2817 940 2865 quelques
953 2818 1085 2851 annees
1101 2828 1146 2850 en
1160 2815 1398 2857 Normandie,
1415 2827 1460 2848 au
1477 2815 1592 2861 grand
1606 2815 1773 2850 scandale
1788 2815 1849 2850 des
1864 2816 2029 2850 hommes

617 2879 765 2925 rigides,
790 2878 877 2913 etait
897 2877 991 2911 donc
1009 2888 1139 2911 encore
1159 2876 1231 2910 fort
1250 2876 1440 2911 restreinte
1468 2888 1511 2909 en
1533 2874 1724 2910 Occident.
