2085 3455
560 337 638 374 536
869 338 1112 378 HISTORIA
1144 341 1550 383 ECCLESIASTICA.
1587 350 1966 403 [MAIO-JUN101098}

557 433 625 469 tas
650 424 750 487 (1),
778 435 825 471 et
848 426 1076 489 plurimas
1099 429 1352 492 gentilium
1373 432 1588 480 nationes
1612 433 1887 494 adventare,
1920 448 1967 483 et

554 501 611 547 de
634 501 761 549 bello
785 504 833 550 in
849 503 1139 552 Christianos
1155 507 1430 556 condixisse.
1454 512 1481 556 J
1485 528 1561 557 am
1578 513 1694 558 certi
1714 526 1968 576 eruperant

554 580 736 637 nuntii,
764 581 845 645 qui
869 581 926 629 de
951 583 1233 631 certitudine
1260 587 1554 634 testabantur
1581 590 1874 637 imminentis
1895 607 1970 654 pe-

553 656 709 702 riculi.
739 657 991 706 Christiani
1016 677 1132 725 ergo
1162 662 1301 710 duces
1335 664 1392 711 ad
1426 666 1631 713 invicem
1657 667 1804 714 locuti
1829 680 1965 727 sunt,

554 746 601 781 et
626 746 793 798 sponte
827 754 906 783 sua
931 739 1211 788 Buamundo
1241 742 1617 792 subintulerunt.
1653 746 1811 792 Vides
1845 747 1973 811 qaod

557 813 608 858 in
643 814 849 861 articulo
883 833 954 862 res
985 829 1145 864 nostra
1175 825 1338 883 posita
1371 823 1452 867 sit.
1494 822 1552 868 Si
1583 824 1820 869 civitatem
1858 841 1971 887 ergo

559 892 700 937 istam
710 910 859 957 prece
880 893 960 938 vel
965 897 1124 958 pretio
1129 933 1143 952 ,
1167 896 1303 942 nobis
1323 901 1466 945 etlam
1477 901 1779 964 juvantibus,
1798 904 1972 965 poteris

556 967 764 1014 obtinere
777 1007 790 1025 ,
820 986 907 1015 nos
926 986 1033 1016 eam
1057 970 1147 1016 tibi
1165 976 1459 1020 unanimiter
1475 978 1784 1024 concedimus
1794 1001 1816 1033 ;
1836 978 1973 1024 salvo

557 1046 607 1090 in
622 1045 842 1092 omnibus
854 1084 870 1103 ,
890 1047 1024 1110 quod
1043 1049 1321 1113 imperatori
1345 1061 1390 1096 te
1415 1052 1726 1099 collaudante
1728 1052 1946 1117 fecimus
1955 1092 1970 1111 ,

557 1135 874 1170 sacramento.
897 1125 956 1170 Si
977 1125 1112 1172 nobis
1137 1128 1414 1191 imperator,
1443 1141 1492 1174 nt
1507 1133 1755 1195 promisit,
1776 1132 1978 1196 adjutor

558 1202 823 1259 advenerit,
849 1204 1140 1268 juratasque
1172 1209 1423 1268 pactiones
1460 1207 1764 1264 custodierit,
1786 1210 1978 1274 perjuri

560 1282 712 1325 vivere
740 1280 992 1336 nolmmw5
1019 1281 1131 1340 sed,
1160 1284 1437 1349 quodpczce
1461 1296 1543 1331 ῑιια
1570 1286 1752 1332 dictum
1777 1289 1861 1344 sit,
1889 1304 1976 1333 nos

559 1375 664 1404 eam
691 1358 768 1404 illi
791 1360 1113 1407 concedimus.
1139 1361 1229 1407 Sin
1253 1374 1441 1420 autem,
1464 1374 1560 1409 luae
1583 1382 1768 1428 semper
1783 1364 1976 1411 subdita

869 1439 904 1459 ‘7

561 1438 621 1482 sit
651 1447 895 1501 poteslatz:
950 1438 1065 1485 Mox
1109 1439 1412 1485 Buamundus
1458 1441 1636 1486 iteratis
1679 1441 1977 1488 sermonibus

559 1512 753 1559 Pirrum
769 1513 1113 1578 interpellavit,
1133 1526 1180 1561 et
1196 1516 1292 1572 ille,
1312 1515 1433 1562 nihil
1452 1528 1806 1580 percunctatus,
1827 1517 1979 1563 filium

559 1608 697 1638 suum
721 1590 933 1638 obsidem
958 1593 1103 1638 misit.
1133 1595 1331 1649 Proeeo,
1357 1594 1538 1658 inquit,
1563 1606 1717 1641 vester
1738 1597 1789 1640 z’n
1808 1596 1979 1653 castris

561 1671 732 1716 vestris
757 1671 936 1716 intonet
961 1670 1063 1716 alm
1101 1688 1216 1717 voce
1245 1682 1294 1716 ut
1315 1690 1434 1736 gens
1465 1674 1794 1730 Francorum,
1836 1673 1981 1719 lzodie

564 1843 757 1887 niche'ens‚
790 1845 853 1891 qui
876 1845 969 1878 avait
998 1844 1074 1890 pris
1099 1843 1132 1878 le
1161 1855 1246 1878 nom
1275 1843 1320 1878 de
1346 1843 1569 1887 Pauliciens‚
1596 1843 1683 1878 d⁷un
1709 1846 1847 1879 certain
1871 1844 1979 1887 Paul,

563 1903 821 1938 introducteur
838 1902 883 1937 de
901 1902 1077 1950 quelques
1094 1903 1324 1937 innovations
1342 1903 1430 1937 dans
1449 1903 1547 1937 leurs
1566 1915 1772 1948 croyances.
1796 1903 1982 1937 Favorises

563 1976 628 2010 par
646 1963 865 2010 l’empereur
882 1963 1091 2009 Nicephore
1110 1962 1265 2007 (802-25
1278 1962 1401 2008 juillet
1421 1963 1523 2008 811),
1545 1962 1588 1996 ils
1607 1963 1808 1997 formerent
1824 1975 1874 1996 un
1890 1962 1983 2008 petit

565 2017 647 2059 Etat
668 2036 713 2059 en
733 2024 920 2058 Armenie.
945 2024 1159 2058 Persecutes
1181 2023 1323 2057 ensuite
1347 2036 1411 2070 par
1434 2023 1466 2058 le
1487 2035 1695 2057 successeur
1713 2022 1758 2056 de
1778 2034 1818 2056 ce
1836 2022 1980 2068 prince‚

564 2099 610 2121 en
629 2086 715 2128 812,
737 2093 773 2119 et
792 2096 858 2131 par
880 2084 1140 2131 l'imperatrice
1159 2084 1374 2126 Theodora,
1400 2096 1443 2118 en
1467 2084 1553 2127 848,
1578 2083 1621 2117 ils
1641 2095 1677 2117 sc
1698 2082 1884 2129 placerent
1901 2093 1983 2116 sous

563 2145 598 2180 la
625 2146 834 2192 protection
859 2144 921 2179 des
945 2144 1086 2187 cahfes,
1109 2145 1174 2192 qui
1198 2143 1248 2178 les
1268 2143 1465 2178 etablirent
1486 2143 1574 2177 dans
1597 2143 1631 2176 13
1653 2141 1869 2189 Cappadoce
1893 2148 1930 2175 et
1949 2140 1984 2175 la

565 2207 682 2253 petite
701 2205 889 2240 Arnienie.
916 2204 1000 2238 Une
1017 2203 1125 2238 lettre
1149 2204 1224 2240 fort
1249 2204 1416 2238 curiense
1435 2203 1479 2238 de
1501 2202 1804 2237 Louis-le-Jeune
1823 2214 1869 2235 au
1888 2202 1985 2247 Pape

565 2265 686 2310 (Hist.
711 2264 757 2299 de
780 2265 857 2307 Fr„
882 2263 969 2306 XV,
988 2276 1023 2310 p.
1045 2267 1134 2312 790)
1152 2275 1287 2309 prouve
1307 2275 1378 2310 que
1397 2262 1449 2297 les
1463 2261 1649 2296 doctrines
1668 2261 1712 2295 de
1735 2272 1793 2295 ces
1815 2260 1983 2294 sectaires

565 2325 706 2359 avaient
723 2325 874 2371 penetre
888 2335 960 2357 non
980 2322 1182 2358 seulement
1194 2334 1257 2357 sur
1270 2322 1302 2357 le
1318 2321 1459 2356 littora]
1478 2322 1522 2356 de
1538 2321 1570 2355 la
1587 2322 1740 2363 nance,
1758 2320 1924 2366 toujours
1937 2315 1984 2353 en'

566 2390 711 2418 contact
725 2394 812 2417 avec
827 2382 1006 2426 l’Orient‚
1025 2382 1115 2416 mais
1133 2393 1265 2416 encore
1277 2382 1450 2428 jusqu’au
1468 2381 1544 2415 sein
1559 2382 1622 2414 des
1636 2380 1824 2426 provinces
1838 2378 1888 2412 les
1904 2377 1985 2425 plus

567 2443 869 2491 septentrionales
888 2442 937 2476 du
957 2454 1141 2489 royaume.
1167 2442 1198 2476 Il
1221 2455 1244 2488 y
1267 2449 1330 2476 eut
1353 2442 1463 2485 ainsi,
1491 2443 1509 2475 ἐι
1526 2441 1560 2475 13
1582 2441 1675 2475 suite
1694 2440 1756 2474 des
1781 2438 1981 2481 croisades,

567 2502 807 2549 importation
821 2501 865 2534 de
881 2500 1060 2547 plusieurs
1077 2507 1190 2535 sectes
1208 2500 1491 2535 manicheennes
1508 2507 1544 2534 et
1562 2498 1772 2546 gnostiques
1790 2509 1853 2531 sur
1866 2496 1985 2531 divers

567 2563 690 2609 points
714 2561 764 2595 du
789 2573 894 2607 pays,
922 2568 958 2596 et
977 2560 1050 2596 l’on
1074 2561 1254 2596 decouvre
1276 2572 1407 2595 encore
1432 2560 1496 2594 des
1518 2557 1662 2594 coffrets
1681 2557 1985 2604 baphometiques

568 2623 632 2670 qui
650 2635 695 2657 en
715 2623 971 2669 proviennent.

615 2684 665 2728 (1)
684 2683 735 2717 Ce
750 2688 843 2725 mot,
862 2681 953 2716 dont
970 2681 1020 2715 les
1034 2680 1150 2716 Grecs
1168 2680 1446 2727 schismatiques
1460 2690 1496 2712 se
1511 2678 1692 2712 servaient
1706 2688 1801 2723 pom
1814 2674 1987 2721 designer

567 2742 619 2776 les
638 2740 864 2788 catholiques
884 2739 1010 2783 latins,
1033 2747 1087 2774 est
1111 2738 1311 2786 applique
1304 2739 1349 2772 ici
1374 2740 1393 2772 3
1418 2737 1452 2771 d’
1455 2743 1576 2771 autres
1598 2735 1802 2770 auxilianes
1823 2732 1884 2766 des
1904 2744 1986 2766 mu-

569 2798 1054 2848 sulmans‚p10bablemeut
1079 2800 1283 2841 chretiens
1312 2804 1348 2833 et
1371 2798 1501 2832 faisant
1524 2808 1652 2842 usage,
1679 2804 1820 2829 comme
1842 2782 1988 2837 l'Eglise

572 2862 766 2905 Romaine,
792 2860 835 2894 de
858 2861 939 2907 pain
965 2872 1033 2894 non
1058 2859 1090 2893 se
1081 2872 1196 2893 rmen
1203 2860 1236 2893 te
1254 2870 1348 2905 pour
1368 2857 1400 2891 la
1422 2855 1685 2891 conse'ciation.
