2033 3445
80 268 189 316 [582]
579 258 731 298 LlssER
758 256 967 295 sExTUs.
1426 259 1472 295 77

81 359 365 414 expavescat.
410 347 498 406 Qui
541 345 623 390 etsi
667 342 953 388 imminentis
995 342 1134 403 pestis
1178 341 1476 388 considerant

80 427 366 492 periculum,
404 425 558 469 minus
592 433 748 467 tamen
779 418 865 464 sub
889 418 970 463 tali
997 435 1049 463 ac
1080 428 1211 463 tanto
1241 417 1356 464 duce
1382 421 1478 483 jam

82 504 335 553 formidant
353 500 618 564 improvisae
632 497 802 544 mortis
820 495 1084 542 interitum.
1103 494 1167 540 At
1183 512 1296 542 vero
1315 496 1480 543 eodem

84 580 377 629 mortalitatis
399 587 595 642 urgente
620 573 938 629 incommodO,
967 573 1143 619 mortui
1169 583 1277 618 sunt
1299 590 1355 619 ex
1377 591 1481 620 mo-

86 658 239 706 nachis
268 672 472 712 Lxxvm,
500 652 578 700 sed
606 664 652 699 et
682 651 966 699 famulorum
994 667 1093 697 non
1120 652 1316 697 minima
1350 652 1480 697 mul-

85 735 248 783 titudo.
275 756 295 778 »

150 834 171 857 «
190 812 421 858 Caeterum
434 847 447 868 ,
468 810 581 875 quid
601 809 658 856 de
677 808 882 873 quodam
900 824 1066 854 eorum
1085 808 1361 871 contigerit,
1385 824 1482 853 non

83 901 268 954 oportet
288 890 532 953 praeterire
551 888 754 934 silentio.
780 887 885 950 Ipso
908 902 1112 949 namque
1131 884 1204 931 die
1222 885 1482 931 Dominicae

83 967 372 1023 Nativitatis,
405 965 463 1012 ab
485 982 610 1022 uno,
642 963 775 1010 valde
807 963 1064 1009 necessario
1092 963 1363 1009 monasticae
1397 963 1481 1017 rei,

84 1038 320 1091 ablata'est
338 1044 509 1089 anima.
533 1043 621 1102 Qui
638 1042 854 1106 diligenti
880 1040 1033 1087 studio
1055 1041 1230 1087 funeris
1251 1042 1486 1104 composi-

86 1133 173 1179 tus,
193 1132 321 1168 extra
337 1121 693 1177 monasterium,
711 1118 792 1165 ubi
810 1120 939 1166 locus
953 1129 1051 1164 erat
1064 1118 1316 1181 sepeliendi
1332 1136 1487 1182 aspor-

86 1211 233 1255 tatur,
264 1199 420 1263 ibique
443 1215 549 1245 eum
573 1197 885 1261 deponentes,
913 1195 1243 1260 exspectabant
1269 1197 1488 1260 quatinus

86 1277 270 1340 expleto
288 1277 532 1321 missarum
551 1275 793 1339 praeconio
813 1275 1066 1337 sepulturae
1086 1272 1365 1320 traderetur.
1387 1275 1488 1320 Fle-

89 1355 166 1400 bat
189 1365 344 1400 autem
371 1354 524 1400 totius
542 1353 745 1399 ecclesiae
774 1362 1033 1398 conventus
1063 1368 1151 1414 pro
1181 1352 1298 1397 tanti
1330 1351 1488 1397 famuli

88 1443 258 1479 morte.
280 1432 568 1478 Procurator
584 1431 758 1494 quippe
776 1428 1177 1492 diligentissimus,
1202 1445 1275 1474 res
1292 1429 1491 1474 fratrum

90 1507 446 1556 administrabat
477 1508 838 1563 officiosissime,
876 1523 965 1570 qua
999 1505 1056 1552 de
1090 1523 1220 1551 causa
1257 1507 1405 1552 nimio
1434 1507 1493 1553 ab

90 1586 308 1634 omnibus
340 1585 582 1632 colebatur
613 1601 790 1631 amore.
827 1584 944 1629 Cum
978 1601 1092 1647 ergo
1121 1585 1300 1647 pariter
1332 1602 1495 1632 omnes

92 1663 276 1722 flerent,
292 1663 452 1710 beatus
468 1662 708 1718 Ebrulfus‚
728 1662 956 1725 Spiritum
975 1661 1199 1708 Sanctum
1220 1673 1315 1709 tota
1336 1675 1494 1711 mente

92 1741 375 1804 concipiens,
399 1740 662 1795 infremuit,
684 1738 932 1803 dolorique
953 1739 1154 1784 fratrum
1180 1742 1492 1803 compatiens,

93 1817 150 1864 ad
182 1829 292 1864 nota
321 1817 533 1880 praesidia
569 1817 799 1871 recurrit,
829 1816 1033 1862 orationi
1064 1814 1303 1874 incubuit,
1337 1830 1498 1880 pectus

95 1895 394 1941 vehementer
447 1893 583 1940 caedit
600 1931 612 1950 ,
661 1892 932 1957 tamdiuque
982 1909 1076 1939 sese
1131 1893 1497 1956 lacrymabiliter

95 1972 256 2018 afflixit
293 1973 340 2018 in
370 1988 534 2036 prece,
572 1970 721 2017 donec
750 1988 839 2034 pro
870 1988 965 2036 quo
993 1970 1274 2034 precabatur
1301 1973 1499 2019 famulus

98 2060 386 2114 resurgeret,
407 2061 452 2095 et
471 2050 640 2114 gratias
662 2066 801 2113 agens
824 2067 912 2112 pro
937 2048 1124 2102 reddita'
1139 2049 1233 2095 vita
1250 2086 1261 2107 ,
1289 2062 1395 2096 ante
1422 2069 1500 2115 pe-

95 2126 173 2172 des
196 2126 532 2173 resuscitatoris
555 2125 905 2190 procumberet.
934 2126 1037 2186 Quo
1062 2127 1206 2183 sacto,
1240 2126 1296 2173 ad
1324 2129 1500 2175 coelum

97 2203 275 2250 clamor
298 2204 499 2260 tollitur,
528 2220 700 2250 nomen
720 2214 890 2249 sauctae
913 2204 1157 2249 Trinitatis
1182 2205 1226 2250 in
1250 2223 1500 2254 commune

97 2280 410 2337 benedicitur,
434 2281 584 2327 clarus
602 2292 649 2327 et
666 2281 967 2344 apostolicus,
994 2283 1099 2345 quia
1120 2293 1333 2329 mortuos
1356 2287 1500 2331 susci—

101 2359 295 2415 taverit,
327 2358 450 2422 apud
487 2370 678 2405 cunctos
712 2358 935 2405 Ebrulsus
968 2359 1184 2406 habetur.
1223 2360 1312 2420 Qui
1346 2374 1501 2410 autem

100 2436 355 2482 vivificatus
372 2437 540 2492 fuerat,
559 2437 757 2500 pristino
778 2438 1015 2483 restitutus
1031 2439 1200 2493 officio,
1223 2451 1379 2502 postea
1403 2443 1503 2505 plu-

103 2529 174 2558 res
208 2514 323 2560 vixit
350 2531 513 2561 annos.
551 2514 614 2560 At
643 2514 833 2561 demum
867 2527 1105 2562 annuente
1137 2527 1255 2561 nutu
1287 2536 1502 2582 supernae

103 2591 308 2652 pietatis,
336 2593 525 2638 cessavit
551 2593 751 2657 languor
778 2592 854 2638 ille
879 2594 1107 2639 mortalis.
1139 2613 1162 2638 ))

172 2687 194 2711 «
221 2668 396 2714 Verum
432 2680 636 2716 cessante
682 2669 979 2728 infirmitate,
1022 2688 1118 2717 non
1160 2671 1363 2718 cessabat
1405 2676 1505 2737 pius

106 2755 262 2807 pastor
302 2764 389 2809 pro
424 2746 650 2793 defunctis
683 2765 908 2807 exorare,
950 2749 1212 2812 intelligens
1253 2752 1359 2813 quia
1401 2770 1504 2799 vera
