2085 3455
518 269 561 303 12
872 268 1109 305 HlSTORIA
1140 268 1537 305 ECCLESIASTICA.

512 352 622 415 gelis
650 353 957 416 gaudentibus
990 365 1035 400 et
1066 355 1310 417 terrigenis
1341 354 1650 418 plorantibus.
1686 356 1818 401 Tunc
1850 356 1897 400 fii

511 445 594 491 per
623 446 784 475 omnes
818 431 1178 496 circumquaque
1203 432 1489 494 provincias,
1524 449 1607 495 per
1631 449 1791 479 omnes
1815 432 1899 476 mi-

515 523 648 553 nores
671 504 725 553 ae
747 509 942 572 majores
965 509 1200 565 ecclesias,
1230 526 1423 573 magnus
1448 509 1581 555 valde
1610 520 1655 555 et
1691 509 1900 556 insolitus

512 584 705 647 clangor
735 586 977 648 signorum
1002 587 1070 647 (ι)
1100 596 1146 632 et
1174 603 1505 649 campanarum
1532 587 1734 643 sonitus,
1762 586 1899 649 longa

511 659 724 721 pulsatio,
739 660 966 707 mirabilis
980 662 1194 717 tinnitus,
1220 662 1361 707 nullis
1380 661 1649 708 hominibus
1665 663 1796 707 funes
1812 672 1902 705 tra-

513 734 754 792 hentibus,
783 738 856 783 vel
879 739 1006 801 signa
1031 738 1461 797 commoventibus7
1489 738 1574 783 nisi
1600 738 1695 783 sola
1729 738 1901 782 virtute

511 811 691 868 divina,
725 831 828 877 quae
852 816 1121 878 supervenit
1149 816 1350 861 coelitus.
1380 814 1553 859 Eximii
1577 814 1666 859 viri
1691 824 1899 859 sanctum

511 905 679 952 eorpus
707 890 878 937 ibidem
897 891 1154 938 honorifice
1179 892 1457 947 tumulatur,
1479 891 1729 954 multisque
1752 890 1898 934 mira—

512 965 626 1011 culis
649 966 849 1029 gloriose
872 970 1062 1030 patratis
1083 970 1177 1014 laus
1204 969 1285 1014 Dei
1311 967 1511 1014 fideliter
1544 978 1773 1013 cantatur.
1801 966 1900 1011 Ve-

512 1042 718 1089 nerabile
759 1044 1033 1091 coenobium
1069 1046 1164 1092 illie
1198 1063 1342 1110 usque
1376 1046 1421 1090 in
1461 1044 1741 1091 hodiernum
1779 1042 1899 1088 diem

511 1132 799 1181 perseverat,
828 1133 873 1167 et
897 1123 1059 1186 ingens
1084 1124 1423 1169 monachorum
1448 1123 1676 1168 exercitus
1699 1122 1901 1167 Domino

510 1196 608 1242 Deo
640 1197 842 1244 Sabaoth
883 1217 985 1246 cum
1037 1200 1243 1262 tripudio
1292 1200 1489 1256 militat,
1541 1211 1678 1263 atque
1723 1199 1902 1245 meritis

509 1274 652 1318 sancti
678 1273 942 1331 Guillelmi‚
974 1292 1028 1321 ex
1054 1276 1222 1321 illustri
1248 1277 1397 1321 milite
1423 1277 1626 1339 religiosi
1655 1275 1870 1322 monaehi
1888 1312 1898 1330 ‚

513 1348 649 1395 turba
684 1349 1027 1398 infirmantium
1062 1353 1385 1399 convalescens
1421 1353 1598 1398 exultat
1634 1353 1680 1397 in
1717 1351 1902 1397 Christo

510 1425 642 1483 Jesu,
674 1428 750 1491 qui
789 1445 950 1474 omnes
975 1428 1060 1474 sibi
1088 1428 1375 1475 adhaerentes
1403 1430 1450 1474 iu
1487 1440 1719 1474 {eternum
1755 1429 1904 1492 glori—

511 1501 632 1548 fic-at.

574 1584 654 1631 IV.
694 1587 1112 1634 Invictissimorum
1149 1589 1304 1652 itaque
1336 1590 1540 1634 militum
1569 1587 1778 1652 trophaea
1807 1588 1903 1633 sre-

511 1672 711 1723 quenter
732 1662 1084 1711 Abrincatensis
1108 1664 1337 1711 Geroldus
1358 1665 1613 1722 referebat,
1638 1676 1684 1711 et
1703 1680 1906 1711 coessen-

514 1749 578 1783 tes
605 1739 823 1798 athletas,
851 1744 1200 1807 armigerosque
1227 1760 1473 1806 generosos
1493 1743 1769 1789 adsimilem
1786 1759 1903 1788 con-

510 1817 821 1864 versationem
833 1819 1071 1865 blanditiis
1086 1831 1131 1866 et
1148 1819 1408 1866 terroribus
1423 1819 1661 1865 incitabat.
1679 1821 1731 1864 In
1745 1819 1907 1881 primis

513 1894 655 1956 igitur
677 1900 884 1961 quinque
910 1898 1110 1944 illustres
1133 1899 1219 1943 viri
1244 1897 1300 1944 de
1319 1898 1489 1943 familia
1514 1898 1715 1944 consulis
1739 1897 1905 1960 egressi

510 1982 641 2029 sunt,
664 1990 866 2037 quorum
894 1977 1084 2022 uomina
1108 1975 1207 2022 haee
1231 1987 1339 2021 sunt
1361 1996 1370 2020 :
1396 1976 1623 2039 Rogerius
1642 1976 1708 2037 (2)
1724 1974 1907 2020 Erneisi

513 2047 656 2105 filius,
685 2067 830 2113 nepos
869 2051 1108 2098 Guillelmi
1133 2052 1189 2098 de
1227 2053 1476 2099 Guarenna
1502 2053 1683 2099 comitis
1718 2051 1909 2097 Suthre-

515 2126 601 2188 giae
627 2127 718 2188 (3);
745 2139 790 2173 et
808 2129 1066 2187 Ernaldus‚
1094 2129 1279 2177 Unsridi
1301 2129 1357 2176 cle
1375 2131 1579 2177 Telliolo
1598 2129 1742 2183 filius,
1765 2145 1909 2191 nepos

559 2286 608 2330 (1)
628 2285 658 2319 Il
676 2293 729 2321 est
745 2287 870 2321 visible
883 2299 971 2334 que,
991 2288 1079 2321 dans
1097 2301 1136 2322 ce
1150 2300 1311 2334 passage,
1328 2291 1488 2334 signum,
1506 2287 1792 2322 ordinairement
1807 2298 1910 2332 syno-

513 2356 619 2389 nyme
637 2344 682 2378 de
698 2357 893 2391 campana,
916 2358 935 2379 a
952 2348 1008 2381 ete
1028 2347 1192 2393 employe
1211 2347 1299 2381 daus
1323 2346 1355 2381 le
1377 2359 1456 2381 sens
1478 2346 1523 2380 de
1545 2346 1739 2380 clochettes
1758 2357 1806 2379 ou
1829 2357 1911 2392 gre-

514 2402 583 2437 lots
607 2419 612 2436 2
639 2405 899 2439 lz'tzlitzlzabula.

561 2462 612 2507 (2)
631 2461 661 2495 Il
679 2475 724 2497 ne
742 2463 819 2497 saut
839 2476 900 2509 pas
925 2464 1124 2498 confondre
1150 2477 1189 2500 ce
1208 2465 1341 2511 Roger,
1372 2464 1423 2499 fils
1451 2465 1614 2498 d’Erneis
1643 2463 1688 2498 de
1711 2462 1911 2498 Coulonces

513 2527 549 2554 et
573 2532 686 2554 neveu
713 2521 763 2555 du
789 2529 906 2557 comte
925 2522 969 2556 de
996 2522 1142 2569 Surrey,
1164 2536 1245 2557 avec
1265 2523 1315 2558 les
1339 2523 1517 2558 membres
1536 2522 1580 2557 de
1604 2522 1635 2556 la
1656 2521 1789 2556 famille
1814 2522 1911 2555 Fitz-

515 2579 640 2613 Erneis
652 2607 660 2621 ‚
683 2580 842 2615 brauche
861 2581 999 2616 cadette
1019 2581 1079 2616 (les
1097 2583 1244 2617 Tesson.
1266 2582 1404 2617 Robert
1421 2580 1645 2616 Filz-Erneis
1657 2608 1665 2622 ‚
1689 2581 1846 2626 premier
1862 2579 1910 2613 du

515 2651 598 2672 non]
610 2667 618 2682 ‚
635 2647 784 2674 mourut
801 2641 820 2675 ὲ
840 2640 872 2674 la
889 2640 1032 2675 hataille
1058 2641 1267 2688 d’Hastings
1279 2670 1288 2684 ,
1307 2649 1343 2676 et
1361 2653 1424 2675 son
1444 2640 1497 2674 fils
1516 2652 1559 2674 ne
1577 2639 1730 2674 s'e'tablit
1748 2640 1850 2686 point
1867 2651 1911 2672 eu

513 2698 742 2745 Angleterre.
763 2720 808 2726 —
825 2700 1002 2742 Ernauld,
1029 2701 1079 2734 fils
1099 2701 1269 2736 d⁷Onsroi
1288 2702 1336 2735 (lu
1355 2700 1486 2735 Tilleul
1506 2701 1570 2744 (cn
1590 2701 1706 2745 Auge)
1726 2706 1760 2733 ct
1779 2698 1910 2733 d'Adc-

515 2758 586 2792 line
604 2757 648 2792 (le
671 2759 951 2794 Grcuimncsnil.

562 2815 610 2861 (3)
630 2817 1147 2854 Saint-Guilhem-le-Dcsert.
