2085 3455
540 336 619 374 554
909 336 1154 374 HISTORIA
1186 335 1594 375 ECCLESIASTICA.
1694 340 1818 387 [maio
1841 341 1960 389 1098]

540 433 626 469 est.
654 421 695 467 A
720 439 858 469 mane
886 439 1002 487 ergo
1026 440 1172 487 usque
1193 421 1251 468 ad
1272 440 1516 487 vesperam
1535 423 1782 481 foderunt,
1810 435 1857 470 et
1874 441 1962 471 eo—

538 498 648 545 dem
678 499 846 556 Petro,
878 500 952 545 cui
986 500 1244 547 revelatum
1266 501 1444 558 suerat,
1466 511 1724 563 praesente,
1753 501 1964 547 lanceam

539 589 842 641 repererunt.
869 577 966 638 Qua
1009 589 1287 625 reverenter
1326 578 1504 634 levata,
1535 577 1754 642 publicus
1784 579 1965 626 clamor

539 656 774 712 exoritur,
811 655 1010 702 celebris
1052 655 1110 702 ad
1141 673 1244 703 eam
1282 674 1537 704 concursus
1565 658 1740 721 agitur,
1779 667 1826 703 et
1867 667 1965 703 tota

538 733 793 781 devotione
819 733 1139 780 deosculatur.
1164 733 1278 780 Orta
1309 745 1378 780 est
1407 734 1554 798 igitur
1576 736 1702 780 inter
1730 751 1808 781 eos
1837 726 1964 780 tanta

539 812 728 869 laetitia,
758 823 835 868 ut,
863 823 1046 858 remota
1069 812 1201 859 omni
1226 812 1400 859 accidia
1426 813 1523 875 (1),
1550 811 1773 876 deinceps
1791 812 1967 858 nullius

538 891 849 938 meminerint
869 882 1112 936 moestitiae
1126 925 1138 947 ,
1161 901 1209 936 et
1234 907 1291 936 ex
1315 901 1429 936 tunc
1448 890 1545 936 ausi
1565 890 1744 938 suerint
1761 889 1819 936 de
1837 889 1967 937 hello

539 979 761 1015 tractare.

603 1047 861 1093 Communi
887 1045 1272 1093 Christianorum
1305 1047 1506 1093 consilio
1525 1083 1536 1103 ,
1583 1045 1803 1092 industrii
1834 1047 1925 1092 viri
1954 1067 1963 1092 :

538 1123 704 1170 Petrus
719 1124 955 1183 Eremita,
967 1135 1014 1170 et
1026 1124 1304 1180 Herluinus,
1324 1125 1557 1170 Turcanae
1578 1124 1753 1187 linguae
1766 1124 1964 1186 peritus,

538 1201 596 1248 ad.
627 1201 998 1249 curbarannum
1032 1203 1161 1248 missi
1189 1213 1325 1257 sunt,
1361 1203 1497 1267 eique
1533 1213 1579 1248 et
1612 1203 1704 1247 suis
1744 1219 1801 1248 ex
1833 1213 1968 1266 parte

537 1281 623 1327 Dei
661 1291 710 1327 et
749 1282 915 1344 populi
961 1282 1057 1345 ejus
1103 1279 1506 1327 commendarunt
1546 1291 1596 1325 ut
1635 1279 1816 1343 pacifici
1859 1297 1967 1327 cum

538 1360 630 1404 suis
659 1359 883 1406 omnibus
903 1358 963 1405 ab
986 1358 1129 1417 urbe,
1158 1377 1300 1424 quam
1327 1370 1514 1405 sanctus
1537 1358 1704 1404 Petrus
1730 1358 1968 1421 apostolus

537 1435 727 1483 Christo
763 1432 1056 1501 subjugavit,
1093 1436 1401 1494 recederent3
1431 1447 1476 1482 et
1499 1437 1534 1481 si
1559 1434 1617 1481 ad
1644 1434 1866 1499 baptismi
1892 1428 1997 1481 sa-'

539 1527 840 1562 crumentum
864 1517 1184 1579 suspirarent,
1213 1527 1441 1580 tanquam
1463 1515 1563 1561 veri
1588 1515 1758 1560 fratres
1786 1530 1864 1560 eos
1887 1532 1970 1559 su-

538 1594 793 1657 sciperent,
811 1605 857 1640 et
875 1594 1100 1657 perennis
1119 1594 1341 1640 amicitiae
1361 1593 1517 1640 foedus
1537 1611 1646 1640 cum
1665 1593 1730 1638 eis
1751 1593 1970 1638 innecte-

540 1683 667 1719 rent.
713 1673 797 1718 Sin
838 1683 1023 1729 autem,
1069 1672 1269 1719 accincti
1312 1671 1495 1735 gladio,
1535 1672 1569 1717 si
1613 1669 1870 1726 auderent,
1912 1669 1969 1715 de

538 1751 708 1814 praelio
738 1751 1006 1815 cogitarent
1042 1751 1131 1814 (2).
1156 1751 1293 1796 Tunc
1319 1748 1625 1795 Curbaranus
1657 1759 1798 1794 torvo
1832 1748 1966 1794 vultu

536 1828 716 1893 legatos
734 1828 966 1891 respexit,
991 1827 1399 1873 christianitatem
1419 1827 1619 1873 omnino
1639 1826 1842 1889 respuit,
1866 1843 1970 1871 cru-

541 1905 734 1952 cifixum
758 1922 924 1969 regem
953 1904 1194 1968 despexit,
1222 1905 1417 1951 Petrum
1441 1904 1711 1968 apostolum
1738 1904 1969 1966 supersti-

541 1983 716 2029 tiosum
759 1982 1059 2030 seductorem
1113 1983 1434 2046 nuncupavit,
1482 1981 1718 2046 fidemque
1757 1991 1969 2028 nostram

541 2060 905 2124 nugacissimam
924 2070 1099 2106 sectam
1125 2076 1220 2106 esse
1242 2060 1454 2105 asseruit.
1483 2057 1558 2104 Ad
1578 2058 1760 2105 cultum
1780 2056 1971 2104 Macho-

541 2137 679 2182 metis
721 2136 1015 2182 Christianos
1055 2136 1297 2194 invitavit,
1327 2145 1686 2182 contemnentes
1719 2144 1876 2180 autem
1913 2132 1970 2179 de

537 2214 645 2279 suga
660 2215 976 2262 commonuit.
997 2215 1180 2280 Legati,
1203 2214 1538 2279 retrogradum
1561 2215 1650 2259 iter
1668 2212 1966 2276 arripientes,

541 2293 696 2340 festini
722 2292 998 2351 redierunt,
1027 2305 1074 2340 et
1096 2293 1446 2357 baptizatorum
1472 2292 1735 2340 exercitum
1757 2290 1814 2337 de
1840 2289 1970 2337 bello

590 2501 641 2545 (1)
659 2500 710 2535 Ce
726 2507 803 2535 mot
819 2501 963 2547 signifie
980 2501 1272 2536 ordinairement
1289 2514 1362 2536 une
1379 2501 1598 2548 disposition
1615 2499 1660 2534 de
1673 2498 1777 2533 l'ame
1793 2498 1970 2545 analogue

542 2573 589 2595 au
606 2561 732 2607 spleen
752 2560 1015 2608 Britannique3
1039 2562 1128 2596 mais
1149 2562 1196 2596 ici
1214 2573 1307 2596 nous
1323 2573 1480 2608 pensons
1495 2559 1583 2608 qu’il
1601 2559 1707 2606 s'agit
1722 2557 1843 2605 plutot
1860 2557 1970 2592 d'une

543 2621 759 2656 melancolie
778 2621 1020 2669 nostalgique.

589 2681 641 2725 (2)
664 2682 701 2717 Si
720 2681 793 2715 l'on
812 2694 857 2716 en
878 2682 1018 2728 croyait
1038 2682 1087 2717 les
1110 2683 1311 2717 historiens
1331 2681 1554 2723 Orientaux,
1580 2686 1675 2714 cette
1696 2679 1846 2713 mission
1867 2679 1970 2713 11⁷au-

544 2742 614 2776 rait
636 2754 683 2776 eu
706 2741 849 2776 d’autre
873 2741 940 2777 but
962 2755 1033 2790 quc
1055 2742 1239 2777 ‹1⁷obtenir
1265 2754 1337 2776 unc
1363 2740 1603 2788 capitulation
1631 2738 1852 2780 honorable3
1882 2738 1970 2772 mais

545 2808 664 2835 tontes
691 2801 741 2836 les
770 2800 944 2835 relations
972 2802 1229 2837 Occidenialcs
1256 2808 1409 2835 mellent,
1437 2801 1525 2834 dans
1552 2800 1582 2833 la
1606 2799 1749 2833 bouchc
1773 2798 1818 2832 dc
1845 2798 1970 2832 Picrrc

545 2860 709 2894 tlh-misc
728 2859 790 2894 des
813 2861 953 2906 parole<
972 2861 1166 2907 analogum
1186 2864 1202 2895 a
1222 2861 1328 2895 celles
1349 2873 1419 2906 quc
1442 2872 1531 2894 nous
1554 2866 1726 2893 [sonions
1745 2858 1802 2892 ici.
