2085 3455
570 342 648 381 444
936 341 1179 382 HISTORIA
1209 341 1610 380 ECCLESIASTICA.

569 430 771 494 phanus,
816 431 1009 477 natione
1048 430 1299 494 Anglicus,
1335 429 1410 475 vir
1444 447 1628 494 magnae
1655 429 1898 493 religionis
1931 442 1976 477 et

571 508 832 572 sapientiae,
848 508 1082 565 successit,
1101 519 1146 553 et
1158 507 1260 570 plus
1278 524 1419 570 quam
1436 507 1604 570 viginti
1620 509 1978 571 quatuorannis‚

571 584 788 631 doctrina
809 595 855 631 et
883 585 1159 648 operatione
1178 594 1333 629 sancta
1355 583 1557 646 gloriose
1584 584 1785 646 pollens,
1812 583 1976 629 tenuit.

573 661 713 727 Cujus
757 674 971 726 tempore
1001 663 1341 708 monasterium
1374 662 1421 706 in
1454 678 1614 707 eremo
1655 661 1981 724 multipliciter

573 741 738 786 crevit.
777 741 883 804 Ipso
920 739 1071 786 adhuc
1097 740 1285 785 vivente
1319 749 1365 785 et
1397 738 1615 803 jubente,
1653 736 1808 783 Guido
1841 737 1981 784 abbas

572 818 740 863 Trium
764 817 986 864 Fontium
1014 818 1186 863 electus
1210 827 1304 873 est,
1334 828 1380 862 et
1405 834 1501 863 11011
1530 817 1681 862 multo
1704 825 1811 879 post
1835 832 1982 862 vene-

574 894 735 941 rabilis
764 894 1081 958 praedecessor
1111 896 1206 958 ejus
1238 894 1482 940 defunctus
1505 906 1572 940 est
1601 895 1690 958 (1).
1719 892 1873 941 Guido
1897 911 1983 939 au-

574 982 675 1021 tem.
702 982 993 1034 assumptum
1025 972 1171 1034 patris
1203 971 1409 1017 officium
1441 971 1715 1035 aliquandiu
1741 971 1984 1033 vitupera-

573 1047 735 1094 biliter
750 1051 916 1104 tenuit,
932 1059 979 1094 et
991 1059 1097 1112 post
1110 1048 1225 1095 duos
1236 1066 1384 1095 annos
1402 1049 1678 1112 insipienter
1693 1048 1886 1112 reliquit
1901 1048 1985 1112 (2)

574 1125 753 1171 Deinde
785 1125 1041 1171 Rainaldus
1066 1126 1277 1190 juvenis,
1312 1125 1434 1172 filius
1465 1127 1681 1184 Milonis,
1714 1124 1898 1172 comitis
1929 1123 1986 1170 de

574 1204 667 1248 Bar
691 1220 829 1266 super
849 1204 1131 1268 Sequanam,
1155 1205 1328 1250 electus
1346 1216 1413 1250 est
1427 1241 1439 1261 ,
1462 1215 1508 1250 et
1522 1204 1662 1250 abbas
1681 1222 1703 1250 a
1722 1203 1984 1260 Gualterio,

576 1280 877 1328 Cabilonensi
902 1283 1128 1345 praesule,
1157 1294 1454 1329 consecratus
1479 1295 1545 1329 est
1571 1284 1662 1346 (5).
1704 1336 1707 1338 ,

640 1358 743 1403 Jam
760 1358 857 1404 sere
877 1376 1042 1406 xxxvu
1059 1361 1169 1406 anni
1189 1371 1298 1406 sunt
1312 1396 1325 1418 ,
1344 1378 1398 1406 ex
1421 1378 1515 1425 quo
1531 1359 1799 1406 Rodbertus
1817 1357 1984 1416 abbas,

574 1446 628 1481 ut
654 1435 835 1482 dictum
864 1447 956 1495 est,
993 1437 1266 1484 Cistertium
1299 1439 1497 1485 incoluit
1523 1439 1621 1502 (ll),
1650 1449 1697 1484 et
1722 1438 1769 1483 in
1801 1436 1988 1483 tantillo

576 1524 792 1577 tempore
817 1525 946 1560 tanta
975 1516 1193 1561 virorum
1226 1516 1339 1562 illuc
1369 1516 1501 1579 copia
1527 1515 1781 1571 confluxit,
1810 1524 1862 1559 ut
1884 1511 1991 1560 inde

576 1608 668 1637 va
686 1591 888 1638 abbatiae
913 1604 1256 1657 consurgerent
1270 1630 1281 1651 ‚
1307 1611 1412 1657 quae
1433 1611 1596 1640 omnes
1615 1611 1724 1640 cum
1743 1591 1990 1638 abbatibus

575 1670 667 1714 suis
692 1669 986 1716 Cisterciensi
1012 1670 1395 1717 archimandritae
1427 1671 1682 1735 subjacent.
1717 1671 1889 1717 Omnes
1917 1670 1991 1715 se-

576 1747 837 1794 moralibus
856 1748 1150 1813 pelliciisque
1170 1760 1354 1806 carent,
1378 1749 1435 1794 ab
1457 1748 1591 1813 adipe
1613 1759 1659 1794 et
1677 1749 1891 1795 carnium
1912 1763 1992 1793 esu

577 1824 841 1882 abstinent,
887 1826 1142 1891 multisque
1182 1826 1321 1874 bonis
1360 1827 1406 1872 in
1450 1826 1654 1883 mundo,
1694 1837 1746 1871 ut
1784 1826 1991 1872 lucernae

578 2033 732 2076 Etienne
761 2041 949 2088 Harding,
974 2041 1126 2087 Anglais
1152 2041 1197 2075 de
1225 2042 1369 2084 nation,
1401 2048 1437 2076 et
1465 2041 1774 2075 anterienrement
1802 2040 1923 2074 moine
1949 2039 1994 2073 de

578 2101 802 2144 Shstebmn,
833 2102 896 2148 qui
926 2112 962 2135 se
990 2101 1107 2135 demit
1134 2101 1179 2135 de
1209 2113 1262 2135 ses
1293 2102 1474 2136 fonctions
1506 2114 1550 2135 en
1588 2098 1692 2143 1155,
1724 2106 1760 2134 et
1785 2105 1935 2133 mourut
1961 2098 1994 2132 le

580 2161 624 2196 28
646 2173 741 2194 mars
763 2159 864 2202 1134.

624 2222 675 2267 (1)
696 2221 725 2255 11
745 2233 790 2255 ne
807 2221 910 2267 s’agit
928 2233 990 2267 pas
1011 2221 1076 2264 ici,
1104 2233 1246 2255 comme
1271 2228 1376 2255 notre
1400 2227 1530 2255 auteur
1554 2219 1597 2253 l⁷a
1620 2220 1793 2265 suppose,
1823 2218 1867 2252 de
1891 2218 1989 2260 Gui,

579 2280 671 2314 abbe
698 2280 742 2314 de
769 2281 1097 2315 Trois-Fontaines
1122 2281 1436 2326 (Haute-Marne)
1460 2293 1504 2314 en
1530 2290 1630 2326 1127,
1651 2279 1739 2313 mais
1761 2278 1847 2312 d’un
1871 2278 1992 2312 moine

580 2347 729 2386 portant
746 2339 779 2374 le
799 2341 917 2374 meme
935 2342 1102 2386 prenom.

627 2401 677 2447 (2)
699 2400 746 2434 Le
766 2401 888 2434 moine
908 2400 984 2435 Gui
998 2429 1007 2444 ,
1027 2400 1086 2435 clu
1107 2413 1152 2435 en
1175 2398 1279 2443 1155,
1301 2400 1351 2434 (111
1371 2401 1491 2434 vivant
1509 2399 1554 2433 de
1573 2411 1637 2433 son
1656 2397 1846 2433 venen-able
1863 2396 1992 2443 prede-

578 2472 734 2501 cesseur,
755 2460 811 2494 fut
829 2460 963 2507 depose
981 2467 1017 2495 et
1038 2461 1162 2495 chasse
1180 2461 1463 2495 honteusement
1483 2472 1576 2506 pour
1593 2472 1643 2493 un
1662 2459 1777 2505 peche
1795 2458 1868 2492 tres
1887 2469 1993 2504 grave

579 2527 706 2555 contre
728 2520 760 2554 la
781 2523 929 2567 purete,
951 2521 999 2555 (111
1018 2521 1107 2555 recit
1126 2520 1264 2568 duquel
1282 2520 1332 2554 les
1350 2520 1546 2554 annalistes
1563 2520 1608 2554 de
1625 2519 1760 2554 l'ordre
1777 2518 1821 2552 de
1842 2518 1993 2554 Citeaux

577 2580 681 2614 n’ont
700 2591 761 2625 pas
778 2580 887 2613 vonlu
906 2580 1053 2615 souillcr
1070 2580 1167 2614 leurs
1181 2592 1305 2627 pages.
1323 2580 1428 2615 Cette
1444 2580 1629 2614 exclusion
1647 2585 1709 2612 eut
1725 2578 1816 2621 11011,
1839 2589 1913 2611 non
1930 2588 1991 2624 pas

579 2651 624 2672 au
644 2639 735 2673 bont
759 2638 804 2674 de
830 2639 925 2673 deux
951 2652 1031 2681 ans,
1062 2640 1150 2674 mais
1175 2639 1376 2674 seulement
1395 2639 1482 2673 (l'un
1508 2640 1613 2673 mois.
1638 2638 1714 2673 Gui
1738 2638 1793 2672 fut
1813 2637 1991 2683 remplace

577 2711 642 2745 pai·
662 2698 840 2741 Rafflard,
863 2699 984 2733 moine
1003 2699 1047 2733 de
1065 2699 1256 2734 Clairvaux
1276 2706 1311 2733 et
1330 2699 1400 2733 ami
1419 2698 1630 2745 particulier
1648 2698 1692 2731 de
1709 2698 1801 2731 saint
1813 2695 1989 2731 Bernard.

623 2756 673 2802 (5)
694 2756 848 2791 Renaud
865 2756 910 2790 de
929 2757 1231 2800 Bar-sur-Seine,
1253 2757 1441 2792 deuxieme
1466 2756 1519 2791 fils
1543 2756 1588 2790 de
1610 2756 1727 2791 Milon
1748 2755 1793 2789 de
1817 2755 1986 2796 Brienne,

578 2817 736 2863 premier
755 2816 805 2851 du
823 2829 927 2859 nom,
948 2824 1067 2852 comte
1086 2817 1131 2852 de
1149 2817 1429 2852 Bar-sur-Seine
1450 2815 1624 2862 (1155-16
1642 2815 1834 2850 decembre
1856 2813 1971 2858 1151),

625 2876 674 2920 (4)
695 2876 745 2909 (Συ
767 2887 913 2921 passage
931 2887 948 2909 a
967 2874 1014 2910 (111
1033 2875 1109 2910 ctrc
1129 2876 1219 2910 ecrit
1239 2888 1283 2910 cn
1307 2874 1405 2910 1135.
