2085 3455
581 319 659 355 310
944 314 1184 353 HISTORIA
1216 314 1619 352 ECCLESIASTICA.

580 413 713 449 cutus
732 413 802 448 est
815 438 827 458 ,
849 419 957 447 cum
976 401 1076 447 aliis
1094 402 1254 448 multis
1271 401 1499 465 episcopis
1517 411 1563 447 et
1580 397 1844 445 abbatibus.
1867 398 1984 445 Nam

579 480 647 525 W
650 479 826 525 lstanus
858 478 1033 542 praesul
1060 478 1398 543 Guigornensis
1425 488 1471 524 et
1502 475 1769 524 Rodhertus
1790 475 1987 521 Herfor-

577 555 754 612 densis,
817 555 1082 601 Osmundus
1160 554 1520 601 Salesburiensis
1581 564 1628 599 et
1687 552 1988 598 Gualkelinus

576 632 941 679 Guentoniensis
983 634 1075 694 (1),
1110 632 1365 679 Balduinus
1402 647 1591 696 quoque
1638 629 1988 677 archidiaconus

577 721 624 756 et
656 709 799 755 abbas
831 709 877 755 S.
917 708 1157 755 Edmundi
1202 710 1325 773 regis
1369 720 1416 756 et
1461 708 1705 771 martyris,
1743 706 1989 752 Turstinus

577 787 914 833 Glestoniensis
941 796 987 832 et
1005 785 1260 833 Rainaldus
1289 785 1672 832 Abundoniensis
1700 784 1794 846 (2),
1820 782 1990 846 aliique

577 865 735 927 plures
759 864 965 927 episcopi
990 873 1036 909 et
1059 862 1250 909 abbates
1274 862 1461 920 obiere3
1488 879 1605 926 quos
1629 860 1869 924 sigillatim
1891 876 1989 922 prae

576 941 760 988 fastidio
784 941 1045 1005 legentium
1063 941 1178 987 nolo
1197 941 1462 987 nominare.

645 1021 838 1080 [1089.]
874 1018 956 1064 His
990 1017 1285 1081 temporibus
1322 1017 1515 1082 quidam
1544 1016 1769 1070 clericus,
1798 1015 1991 1061 nomine

577 1097 855 1152 Rannulfus,
878 1096 1247 1142 familiaritatem
1265 1095 1373 1142 Rufi
1394 1096 1517 1160 regis
1539 1093 1734 1158 adeptus
1752 1103 1837 1148 est,
1860 1102 1907 1138 et
1924 1109 1993 1137 su-

575 1189 662 1236 per
680 1188 844 1218 omnes
862 1172 1016 1236 regios
1040 1172 1258 1218 officiales
1278 1171 1533 1235 ingeniosis
1555 1167 1929 1216 accusationibus
1948 1178 1994 1214 et

575 1248 845 1294 multifariis
861 1247 1209 1295 adulationibus
1229 1249 1560 1312 magistratum
1581 1263 1604 1291 a
1629 1262 1740 1309 rege
1769 1260 1993 1291 consecu-

576 1335 650 1370 tus
674 1335 760 1371 est.
788 1325 906 1371 Erat
926 1325 1056 1372 enim
1075 1325 1268 1390 ingenio
1289 1342 1414 1383 acer,
1438 1340 1638 1387 corpore
1658 1321 1874 1386 pulcher,
1899 1331 1995 1366 tur—

577 1417 690 1466 gens
708 1400 894 1447 disertis
912 1402 1002 1465 (3),
1023 1401 1440 1449 comessationibus
1457 1412 1503 1447 et
1529 1399 1854 1456 ebrietatibus,
1882 1397 1994 1444 libi-

575 1478 772 1542 dinique
798 1479 937 1525 nimis
960 1478 1145 1525 deditus
1160 1515 1171 1534 ‚
1196 1478 1398 1526 crudelis
1422 1489 1469 1524 et
1487 1477 1784 1534 ambitiosus,
1811 1476 1995 1540 suisque

577 1554 829 1619 prodigus;
853 1556 1087 1601 extraneis
1107 1566 1263 1601 autem
1284 1555 1447 1618 praedo
1471 1555 1811 1619 rapacissimus,
1834 1555 1922 1599 Hic
1939 1552 1995 1599 de

577 1631 776 1679 obscura
800 1633 907 1678 satis
932 1643 978 1677 et
1005 1649 1210 1696 paupere
1230 1633 1470 1696 parentela
1495 1631 1699 1696 prodiit,
1723 1642 1769 1677 et
1790 1631 1996 1682 multum

578 1710 702 1756 ultra
729 1710 905 1756 natales
924 1727 1030 1757 suos
1049 1710 1106 1755 ad
1125 1711 1390 1757 multorum
1412 1710 1756 1757 detrimentum
1776 1707 1996 1754 sublima-

578 1799 652 1834 tus
677 1787 922 1833 intumuit.
950 1787 1183 1844 Turstini,
1207 1788 1445 1852 cujusdam
1464 1786 1635 1850 plebeii
1655 1784 1917 1849 presbyteri
1939 1784 1996 1830 de

578 1883 699 1930 pago
727 1866 990 1929 Bajocensi‚
1016 1865 1138 1911 filius
1158 1866 1269 1921 fuit,
1305 1877 1351 1912 et
1378 1883 1401 1911 a
1429 1863 1689 1929 puerilibus
1712 1863 1848 1910 annis
1874 1863 1995 1908 inter

578 1942 875 2007 pedissequos
915 1941 1110 1990 curiales
1155 1961 1263 1990 cum
1307 1943 1481 1991 vilibus
1524 1942 1736 2006 parasitis
1777 1940 1995 1988 educatus

582 2104 737 2153 1070-18
757 2105 954 2139 novembre
977 2118 988 2138 1
1001 2105 1099 2151 100).
1121 2104 1152 2138 Il
1171 2105 1261 2139 n’est
1278 2118 1339 2151 pas
1357 2113 1459 2140 exact
1476 2106 1521 2140 de
1543 2105 1622 2140 dire
1640 2117 1711 2152 que
1732 2116 1772 2138 ce
1792 2103 1908 2149 prelat
1927 2103 1994 2137 soit

579 2171 677 2198 mort
693 2175 776 2198 sous
792 2164 826 2199 le
841 2165 953 2211 regne
972 2164 1016 2198 de
1035 2164 1453 2209 Guillaume-le-Roux‚
1476 2166 1540 2212 qui
1553 2165 1672 2199 Fax-ait
1685 2163 1840 2211 precede
1858 2163 1945 2197 dans
1962 2163 1993 2197 la

578 2223 703 2257 tombe
724 2223 756 2258 le
775 2235 793 2257 2
812 2225 899 2258 aofit
917 2224 961 2258 de
981 2223 1013 2257 la
1033 2224 1151 2258 meme
1169 2226 1296 2259 annee.

627 2284 677 2328 (1)
695 2284 797 2318 Saint
812 2284 986 2319 Vfulstan
998 2312 1005 2326 ‚
1026 2284 1161 2330 eveque
1178 2284 1222 2319 de
1240 2285 1453 2319 Worcester
1471 2284 1511 2329 (8
1528 2283 1733 2330 septembre
1751 2281 1993 2328 1062-19jan-

579 2343 657 2376 viel*
679 2342 799 2389 1095).

624 2401 768 2436 Robert
784 2401 930 2448 Losing,
948 2403 1083 2449 eveque
1097 2401 1317 2437 d⁷Hereford
1331 2402 1388 2449 (29
1404 2401 1600 2436 decembre
1617 2400 1858 2449 1079-26juin
1877 2396 1990 2445 1095).

626 2461 813 2504 Osmond,
834 2462 970 2509 eveque
990 2462 1034 2496 de
1053 2462 1240 2509 Salisbury
1263 2461 1412 2511 (1078-5
1431 2462 1622 2496 decembre
1647 2464 1767 2509 1099).

624 2520 854 2568 Vauquelin,
876 2522 1011 2568 eveque
1031 2522 1075 2556 de
1094 2523 1332 2557 Winchester
1351 2521 1416 2567 (25
1435 2523 1506 2556 mai
1530 2520 1665 2569 1070—5
1678 2520 1820 2566 janvier
1842 2517 1964 2566 1098).

626 2581 675 2625 (2)
699 2579 908 2622 Baudouin,
937 2582 1058 2615 moine
1083 2581 1127 2616 de
1147 2581 1402 2625 Saint-Denis,
1426 2582 1507 2628 puis
1525 2581 1616 2615 abbe
1636 2580 1680 2615 de
1699 2576 1989 2615 Saint-Edmond

580 2638 759 2686 (1065-29
779 2639 972 2674 decembre
995 2644 1108 2688 1097)

627 2700 822 2741 Toustain‚
843 2699 935 2733 abbe
953 2699 997 2734 de
1014 2700 1265 2745 Glastonbury
1284 2698 1532 2745 (1083-1102).

626 2757 797 2800 Renaud,
820 2757 912 2792 abbe
928 2757 1164 2805 d’Abingdon
1182 2758 1419 2804 (Berkshire)
1439 2757 1682 2804 (1084-1097J2.

626 2816 674 2862 (5)
696 2818 842 2862 Lingua
862 2816 1029 2852 dicertm.
1052 2818 1114 2850 us.
1138 2818 1181 2852 dc
1199 2818 1228 2851 la
1251 2819 1348 2851 reinc
1367 2818 1410 2852 (le
1429 2817 1558 2852 Suede.
