2085 3455
573 279 643 314 168
934 278 1174 316 HlSTomA
1206 278 1605 317 ECCIAEs'1,·xs'1‘1CA.
1834 285 1974 332 [1081]

566 367 711 412 versis
756 376 802 411 et
841 367 1076 430 prosperis
1113 377 1301 413 strenue
1339 366 1662 430 nobiliterque
1690 369 1828 413 rexit.
1864 370 1974 416 Erat

566 443 692 488 enim
751 442 957 488 multum
998 442 1179 506 sapiens
1232 453 1278 489 et
1339 443 1605 489 misericors
1663 443 1970 507 pauperibus,

566 521 772 568 bellator
815 521 951 567 fortis
990 532 1036 567 et
1073 521 1426 584 magnanimus,
1472 519 1670 566 affabilis
1715 521 1972 579 militibus,

567 615 914 662 munerumque
941 597 1080 644 dator
1113 597 1422 661 largissimus,
1441 597 1707 662 divinaeque
1732 598 1846 662 legis
1871 599 1976 644 cul-
2027 611 2032 617 “

568 687 645 722 tor
673 675 1014 722 devotissimus.
1041 675 1142 737 Ipse
1175 690 1287 720 mox
1314 684 1366 718 ut
1394 690 1593 738 regnare
1623 676 1798 738 coepit,
1826 675 1978 722 filium

567 753 831 810 Michaelis,
854 769 997 816 quem
1020 762 1246 798 caecatum
1272 751 1439 807 retuli,
1466 751 1523 797 de
1549 752 1747 798 vinculis
1770 753 1974 807 sustulit,

566 842 613 878 et
634 831 793 877 abbati
819 829 1028 877 coenobii
1060 829 1217 875 Sancti
1242 828 1349 891 Cyri
1371 829 1622 875 tutandum
1647 829 1858 876 tradidit.
1896 831 1980 877 Ille

570 927 704 967 vero,
724 921 889 973 utpote
910 907 1091 954 mundo
1123 907 1326 964 inutilis,
1348 907 1607 954 monachus
1640 907 1814 954 ibidem
1835 908 1980 955 factus

568 998 661 1043 est,
689 986 916 1050 omnique
936 986 1030 1030 rita
1051 1001 1127 1029 sua
1149 1002 1258 1030 cum
1277 984 1421 1030 servis
1442 984 1527 1030 Dei
1551 996 1870 1031 commoratus
1892 997 1977 1032 est.

568 1063 706 1110 Filias
732 1080 920 1128 quoque
937 1061 1177 1108 &Viscardi
1203 1061 1422 1124 praefatus
1452 1061 1615 1119 heros,
1643 1080 1694 1108 ac
1717 1064 1751 1108 si
1781 1064 1876 1126 ipse
1896 1079 1981 1127 ge-

568 1141 743 1187 nuisset
767 1158 862 1193 eas,
890 1141 1063 1185 amavit
1089 1138 1326 1185 blanditer
1358 1151 1404 1184 et
1436 1140 1512 1202 pie
1536 1141 1780 1196 tractavit,
1813 1152 1859 1186 et
1885 1142 1982 1186 sere

568 1235 630 1264 xx
658 1218 793 1263 annis
821 1217 907 1263 sub
937 1217 1083 1263 tutela
1115 1233 1194 1262 sua
1224 1217 1270 1261 in
1296 1215 1473 1263 deliciis
1498 1216 1728 1263 educavit.
1764 1217 1981 1264 Officium

569 1296 760 1341 illarum
783 1305 884 1341 erat
903 1311 1042 1340 mane
1056 1330 1068 1351 ,
1089 1293 1203 1339 dum
1232 1294 1490 1357 imperator
1513 1293 1571 1340 de
1598 1311 1680 1340 suo
1703 1305 1852 1340 stratu
1874 1312 1982 1340 sur-

569 1373 787 1429 rexisset,
815 1389 1074 1437 manusque
1102 1389 1202 1417 suas
1221 1370 1458 1428 ablueret,
1481 1372 1752 1436 mappulam
1778 1383 1824 1419 et
1841 1373 1984 1436 pecti-

571 1467 679 1496 nem
698 1450 963 1496 ehurneum
980 1449 1167 1505 afferre,
1189 1460 1235 1494 et
1250 1449 1445 1495 barbam
1464 1450 1763 1513 imperatoris
1776 1462 1980 1514 pectere.

569 1526 765 1573 Nobiles
788 1527 957 1590 puellae
978 1526 1101 1572 facili
1125 1536 1355 1590 gratoque
1373 1527 1567 1573 servitio
1585 1545 1608 1571 a
1636 1526 1817 1573 liberali
1844 1527 1985 1591 prin-

571 1605 673 1667 cipe
692 1603 926 1667 deputatae
944 1613 1080 1661 suut,
1101 1620 1206 1667 quae
1223 1614 1328 1666 post
1353 1604 1551 1667 longum
1574 1614 1754 1667 tempus
1777 1604 1985 1669 Rogerio

573 1682 732 1728 comiti
771 1680 940 1727 Siciliae
958 1717 970 1737 ‚
1010 1680 1223 1745 Augusto
1263 1681 1435 1727 faventi
1475 1691 1528 1727 ut
1567 1682 1746 1739 amico,
1787 1682 1985 1730 redditae

573 1770 682 1806 sunt
710 1761 723 1777 ²
738 1779 744 1804 ε
759 1761 797 1822 >-

761 1870 936 1913 Quotidie
955 1869 1082 1904 mundi
1103 1877 1180 1904 rota
1198 1877 1359 1904 versatur
1379 1870 1582 1904 titubantis.

759 1928 859 1963 Yera
879 1929 1035 1975 probant
1054 1929 1131 1964 fieri
1149 1929 1318 1963 mortales
1336 1928 1432 1963 dicta
1451 1931 1643 1963 Tonantis.

620 2122 670 2166 (1)
684 2121 798 2155 Notoe
815 2128 956 2164 auteur,
976 2133 1021 2155 en
1044 2120 1172 2154 faisant
1193 2121 1308 2167 partir
1325 2121 1446 2156 Alexis
1464 2121 1515 2156 du
1531 2122 1628 2169 siege
1649 2122 1694 2157 de
1714 2122 1845 2166 Mede,
1861 2136 1880 2157 a
1900 2136 1988 2158 con-

575 2180 690 2216 fondu
714 2180 747 2214 le
775 2186 1010 2215 mouvement
1034 2181 1097 2227 qui
1126 2188 1232 2226 porta
1259 2193 1298 2215 ce
1317 2181 1444 2226 prince
1467 2193 1529 2215 sur
1547 2181 1580 2216 le
1598 2181 1704 2216 trone
1724 2193 1807 2216 avec
1824 2181 1917 2217 celui
1944 2182 1989 2218 de

575 2241 783 2289 Nicephore
801 2241 1011 2280 Melissene,
1033 2242 1095 2288 qui
1115 2241 1171 2275 fut
1189 2243 1208 2275 a
1225 2241 1257 2275 la
1274 2242 1387 2276 verite
1407 2241 1621 2284 simultane3
1642 2254 1688 2276 ou
1702 2242 1892 2287 peut-etre
1906 2256 1989 2278 avec

574 2302 668 2337 celui
685 2301 957 2346 de·Nicepliore
975 2301 1166 2335 Botoniate
1185 2301 1390 2343 lui-meme,
1410 2302 1499 2336 trois
1520 2314 1583 2335 ans
1599 2309 1832 2348 auparavant.
1854 2302 1989 2347 Quand

575 2362 625 2396 les
655 2362 737 2395 faits
766 2368 849 2395 sont
871 2361 1036 2397 trax-estis
1055 2362 1074 2394 ii
1101 2373 1140 2394 ce
1163 2361 1289 2407 point,
1319 2361 1344 2394 il
1364 2360 1509 2395 devient
1535 2360 1747 2407 impossible
1765 2360 1810 2395 de
1829 2360 1989 2397 demeler

575 2421 679 2468 quels
702 2428 783 2455 sont
806 2420 856 2455 les
873 2422 1103 2455 evenements
1122 2419 1212 2454 dont
1232 2432 1279 2454 on
1303 2433 1321 2454 a
1338 2419 1501 2454 entendu
1524 2420 1654 2466 parler.
1674 2421 1740 2454 Les
1759 2419 1888 2455 details
1907 2429 1990 2456 sont

573 2481 703 2528 dignes
723 2480 770 2514 du
787 2479 874 2514 fond
888 2479 938 2513 du
956 2480 1060 2515 re'cit.
1082 2479 1277 2514 [histoire
1295 2479 1342 2513 de
1359 2479 1392 2513 la
1410 2479 1523 2513 barbe
1540 2478 1585 2513 de
1604 2480 1833 2525 Bicephore,
1851 2482 1989 2527 coupee

574 2553 638 2587 par
659 2540 780 2575 Alexis
800 2539 1010 2582 lui—meme,
1033 2540 1122 2574 :sest
1139 2551 1201 2586 pas
1220 2539 1424 2574 seulement
1443 2539 1559 2572 sausse
1578 2551 1623 2572 en
1641 2538 1725 2582 sait,
1750 2540 1839 2573 mais
1856 2551 1989 2574 encore

574 2600 786 2635 iotalcment
804 2599 892 2633 hors
915 2598 977 2633 des
997 2611 1131 2633 moeurs
1152 2599 1197 2633 de
1216 2611 1255 2632 ce
1273 2598 1412 2644 prince.
1435 2598 1654 2632 Constantii]
1678 2597 1733 2632 n'a
1750 2610 1814 2645 pas
1835 2599 1916 2645 plus
1933 2600 1990 2633 ete

568 2663 645 2706 jete
671 2660 760 2694 dans
790 2673 838 2693 un
855 2659 982 2693 cloitre
1004 2659 1091 2706 qu'il
1114 2659 1243 2693 ii'ax·ait
1263 2671 1308 2692 eu
1327 2658 1378 2692 les
1394 2670 1486 2704 yeux
1506 2659 1639 2692 creves.
1655 2660 1713 2692 Au
1732 2659 1916 2693 contraire
1929 2687 1937 2699 ‚
1954 2670 1988 2692 sa

575 2722 672 2755 mere
687 2749 694 2762 ,
724 2732 768 2753 en
797 2720 960 2767 quittant
980 2718 1011 2752 le
1032 2718 1141 2765 palais
1163 2731 1254 2764 pour
1284 2732 1319 2751 se
1343 2718 1472 2751 retirer
1490 2730 1571 2751 avec
1590 2717 1640 2751 lui
1661 2731 1705 2751 au
1721 2719 1926 2753 monastero
1945 2717 1988 2751 de

574 2783 765 2827 ¹llangana.
783 2781 874 2813 avait
898 2778 1031 2825 stipule
1052 2792 1142 2823 pour
1163 2778 1211 2812 lui
1233 2778 1293 2812 ‹le›
1311 2778 1495 2811 honneni-s
1509 2778 1608 2824 qnasi
1630 2778 1843 2823 imperiaux.
1863 2778 1985 2821 Quam
