2033 3445
60 287 198 336 [1098]
579 286 736 325 LIBER
763 286 944 324 NONUS.
1397 289 1476 326 523

57 381 183 416 sunt.
210 370 342 416 Inter
360 387 478 434 quos
503 372 744 419 Podiensis
763 384 877 418 tunc
899 372 1092 436 signifer
1115 373 1289 420 occidit
1312 375 1409 437 (1),
1432 385 1479 421 et

57 447 146 494 nisi
167 447 304 494 luteae
330 447 610 495 interessent
627 449 824 496 salebrae
839 486 850 507 ,
875 466 982 514 quae
1007 450 1245 496 civitatem
1269 469 1292 496 a
1318 452 1481 498 castris

56 524 370 583 dirimebant,
393 537 440 572 et
459 527 712 573 transitum
733 528 945 582 nullum,
969 527 1043 573 vel
1065 527 1327 586 difficilem,
1351 531 1479 575 sine-

56 602 198 658 bant,
226 603 341 648 laxis
371 601 565 649 habenis
600 604 694 667 ipsa
722 615 1027 667 protererent
1053 605 1284 660 tentoria,
1319 616 1367 651 et
1395 605 1482 652 de-

56 678 403 726 baccharentur
428 680 476 726 in
501 679 886 727 Christianorum
911 691 1126 744 gentem,
1151 698 1258 745 quae
1279 681 1376 745 jam
1397 682 1480 726 ali-

56 757 341 822 quantulum
364 769 633 804 marcuerat
653 759 742 821 (2).

121 834 442 892 Buamundus,
465 834 523 881 de
543 836 916 883 Sarracenorum
935 835 1214 900 regrediens
1235 835 1363 882 bello
1379 853 1484 899 per-

56 923 184 969 acto,
226 910 304 958 sed
335 913 525 959 modico
562 913 691 978 quod
730 913 1089 977 depraedaretur
1126 913 1322 960 invento
1339 951 1349 969 ‚
1392 913 1480 959 alia

57 989 331 1036 conscendit
356 1002 601 1037 montana.
630 991 720 1037 Sed
744 992 792 1037 in
819 1002 999 1037 tantam
1024 1002 1149 1037 terra
1170 993 1266 1055 jam
1294 991 1480 1038 redacta

56 1068 207 1113 fuerat
229 1068 520 1124 vastitatem,
551 1079 602 1113 ut
624 1068 764 1114 multi
792 1069 923 1114 vacui
950 1069 1288 1114 remeaverint.
1320 1069 1482 1114 Incas-

56 1162 159 1190 sum
178 1161 294 1209 ergo
313 1144 665 1202 laboraverant,
684 1146 771 1191 nisi
795 1145 923 1211 quod
944 1147 1000 1192 de
1018 1146 1186 1191 Turcis
1205 1146 1483 1192 solemniter

59 1221 486 1286 triumphaverant.
513 1223 601 1270 Sed
627 1224 758 1269 nulla
797 1224 990 1270 victoria
1018 1224 1191 1270 {amem
1219 1223 1479 1287 extinguit,

56 1299 137 1345 uhi
165 1310 316 1347 totum
333 1337 345 1358 ,
372 1300 503 1365 quod
526 1301 684 1348 mandi
707 1300 899 1359 debeat,
926 1301 1100 1348 deficit.
1124 1302 1298 1347 Parum
1318 1301 1481 1347 laetitia

56 1377 220 1435 durat,
245 1396 389 1443 quam
408 1391 583 1444 egestas
607 1381 740 1444 panis
760 1380 1027 1426 contristat.
1056 1380 1249 1426 Reversi
1272 1390 1383 1425 sunt
1406 1397 1483 1425 au-

58 1466 154 1501 tem
169 1454 227 1501 ad
246 1467 392 1502 castra
404 1493 416 1513 ,
441 1474 548 1521 quae
566 1456 933 1521 perhorrescens
950 1455 1189 1502 sauciabat
1207 1455 1376 1502 inedia.
1395 1456 1483 1501 Ar-

56 1534 203 1579 menii
252 1545 298 1579 et
345 1535 532 1581 Suriani
548 1571 560 1592 ,
616 1535 760 1581 lucris
816 1533 1170 1598 inexplebiliter
1220 1533 1477 1589 inhiantes,

57 1610 348 1658 Christianos
372 1612 563 1658 rediisse
586 1630 759 1659 vacuos
788 1611 1001 1658 videntes
1020 1648 1030 1667 ,
1057 1611 1114 1658 ad
1138 1622 1410 1675 opportuna
1437 1622 1483 1658 et

58 1690 314 1736 remotiora
343 1690 444 1736 loca
461 1689 804 1748 decurrebant,
826 1701 872 1736 et
890 1700 1158 1737 coementes
1179 1688 1353 1736 cibaria
1374 1706 1481 1753 quae

58 1767 378 1831 reperiebant,
401 1768 448 1814 in
465 1780 613 1815 castra
627 1768 918 1824 deserebant,
932 1779 979 1814 et
993 1768 1147 1814 multo
1162 1768 1336 1830 pretio,
1353 1766 1481 1831 quod

57 1846 140 1892 vili
170 1857 444 1910 coemptum
476 1858 605 1903 erat,
637 1845 966 1893 venditabant.
1001 1844 1158 1892 Morbi
1197 1846 1295 1890 lues
1332 1855 1480 1890 castra

60 1923 430 1970 contaminabat.
458 1925 662 1971 Ditiores
688 1924 835 1972 multa
857 1922 1180 1987 indigentibus
1204 1933 1250 1969 et
1273 1922 1480 1969 ostiatim

57 2001 404 2064 postulantibus
426 2001 620 2049 donaria
648 2001 981 2058 conferebant,
1014 2000 1092 2047 sed
1128 2011 1284 2046 tamen
1318 1999 1480 2045 multis

58 2076 222 2125 diebus
241 2080 471 2126 sustinere
491 2091 564 2127 tot
581 2079 730 2126 millia
751 2096 851 2127 non
871 2089 1111 2142 poterant.
1139 2077 1480 2142 Cogitaverunt

103 2258 153 2302 (1)
176 2257 386 2301 Heraclius,
416 2257 723 2304 porte-etendard
747 2257 792 2291 de
816 2257 978 2304 l'cveque
998 2257 1047 2291 du
1070 2258 1157 2300 Pui,
1182 2258 1277 2292 frere
1300 2257 1412 2303 puine
1434 2256 1479 2291 de

59 2317 171 2360 Pons,
199 2317 356 2351 vicomte
385 2317 429 2351 de
456 2317 645 2363 Polignac.
672 2318 737 2351 Les
762 2318 880 2351 Tul-cs
905 2318 1167 2364 s’emparcrent
1191 2317 1237 2351 de
1261 2316 1476 2353 l’e'tendard.

58 2376 209 2411 Suivant
231 2376 415 2411 Raimond
440 2376 619 2423 d'AgileS,
643 2389 682 2411 ce
703 2378 874 2424 seigneur
894 2390 940 2411 ne
957 2377 990 2412 le
1012 2378 1148 2424 poi-tait
1168 2389 1230 2424 pas
1251 2390 1294 2411 au
1316 2384 1481 2411 moment

58 2438 106 2470 οὺ
127 2436 153 2471 il
178 2444 281 2484 requi
309 2450 355 2471 au
381 2438 500 2484 visage
527 2437 559 2471 le
587 2449 680 2483 coup
704 2436 749 2471 dc
776 2437 892 2472 sseche
916 2437 1009 2472 dont
1032 2437 1056 2471 il
1082 2444 1252 2477 mourut,
1277 2437 1419 2480 dit-on,
1446 2436 1480 2471 le

57 2508 80 2542 9
93 2496 176 2542 juin
194 2497 348 2532 suivant.
960 2504 963 2506 “

104 2557 154 2602 (2)
168 2556 282 2591 Notie
295 2564 426 2591 auteur
436 2569 453 2591 a
468 2556 613 2603 neglige
624 2557 669 2591 de
681 2556 801 2604 parler
813 2555 901 2590 d⁷un
915 2563 1006 2603 pont
1019 2555 1064 2591 de
1079 2556 1244 2600 bateaux,
1261 2557 1325 2604 qui
1342 2555 1477 2591 facilita

58 2614 247 2662 beaucoup
263 2615 314 2650 les
331 2616 541 2663 operations
555 2616 606 2650 du
625 2617 735 2663 sic'ge,
751 2622 788 2650 et
801 2627 872 2663 que
885 2615 937 2650 les
955 2615 1089 2650 croises
1107 2616 1247 2650 avaient
1265 2615 1373 2649 etabli
1385 2643 1392 2657 ‚
1415 2615 1478 2648 des

58 2672 108 2708 les
134 2676 313 2720 premiers
332 2675 436 2721 jours
454 2675 504 2710 du
524 2676 640 2722 siege,
664 2687 726 2709 sur
744 2674 932 2718 l’Oronte‚
960 2687 1005 2709 en
1028 2682 1153 2710 amout
1174 2674 1224 2708 du
1246 2681 1334 2720 pont
1360 2674 1475 2707 d’An-

60 2734 197 2777 tioche,
221 2736 239 2768 Ξι
268 2747 336 2780 peu
355 2737 438 2781 pris
457 2735 624 2769 vis-a-vis
645 2734 675 2768 la
695 2741 798 2781 porto
821 2734 883 2781 qui
904 2734 978 2781 prit
998 2734 1086 2768 dans
1112 2734 1142 2767 la
1166 2734 1258 2767 suite
1277 2733 1308 2767 le
1327 2744 1410 2766 nom
1432 2732 1475 2766 (lv

60 2799 162 2836 poi-u·
179 2793 226 2827 du
241 2794 316 2827 Dm·
350 2794 376 2827 ll
392 2794 492 2837 s'ugit
507 2794 552 2827 ici
568 2793 614 2827 dn
632 2794 760 2828 man-ais
775 2794 868 2827 sitne
884 2806 927 2827 en
944 2800 1047 2827 avant
1060 2792 1103 2825 dt·
1118 2792 1146 2826 la
1161 2798 1263 2837 porte
1276 2791 1322 2825 du
1338 2790 1469 2825 Chivn.
