2033 3445
0 0 128 190 i

15 202 20 298 i

17 330 20 458 ξ

16 491 22 612 3

74 340 213 391 {1096]
593 337 749 376 LIBER
777 339 955 376 δοκι-5
1401 344 1478 383 483

77 423 267 473 ualdum
300 422 388 469 sibi
420 424 760 487 plaesece1unt,
789 435 835 470 et
858 424 945 471 sub
982 426 1076 489 ejus
1100 425 1272 474 ducatu
1302 429 1480 477 Roma-

75 505 199 550 niam
232 502 303 564 (1)
339 501 847 566 inglessisunt.Ult1a
878 502 1087 549 Nicaeam
1113 504 1281 552 itinere
1305 523 1355 552 1v
1379 507 1482 554 die-

74 598 179 629 rum
216 580 450 644 progressi
492 591 627 636 sunt,
661 590 708 626 et
743 580 987 626 castellum
1028 580 1374 647 Exelogoigan
1410 586 1480 648 (2)

73 659 393 714 intraverunt,
413 667 460 704 et
478 656 651 704 ibidem
669 675 799 704 causa
815 656 1084 721 hospitandi
1100 657 1267 706 (161ηο1
1257 662 1333 706 ati
1353 673 1478 708 sunt.

74 735 192 784 Illud
225 737 441 784 omnium
472 736 749 783 victualium
771 752 824 782 ei
826 747 873 782 at
897 736 1117 799 plenum,
1144 737 1223 784 sed
1248 738 1483 786 incertum

70 825 138 862 oet
159 831 218 860 an
256 814 427 860 timore
448 813 522 859 vel
556 812 787 860 industria
820 831 1021 860 xacuum
1045 815 1210 861 incolis
1232 817 1293 861 sit
1316 815 1482 864 dimis-

71 907 188 938 sum.
228 888 300 935 lbi
342 889 595 936 Alemanni
637 908 689 935 a-
698 890 866 936 Tulcis
899 891 1243 937 ciicumvallati
1276 903 1410 952 sunt,
1437 904 1483 940 et

20 970 26 1015 ἔ
71 983 212 1032 usque
240 965 298 1013 ad
318 966 717 1022 internecionem,
742 977 796 1012 ut
821 968 867 1012 in
892 966 1195 1031 sequentibus
1219 968 1482 1016 elucidabi—

22 1113 26 1120 ι

70 1054 163 1102 tur,
187 1060 308 1108 pene
329 1042 470 1090 deleti
494 1055 619 1090 sunt.

128 1122 286 1168 Mense
295 1120 551 1185 septembri
565 1123 653 1184 (ὃ),
667 1120 951 1176 Rodbertus,
966 1122 1061 1168 dux
1072 1122 1479 1182 Normmmorum,

47 1187 321 1246 ¹Guillelmo
346 1199 448 1263 regi
472 1198 742 1245 Neustriam
765 1199 1027 1255 commisit,
1056 1210 1102 1245 et
1121 1202 1323 1264 acceptis
1347 1201 1406 1248 ab
1424 1219 1479 1249 eo

0 1303 2 1306 >
67 1275 224 1324 decem
241 1276 453 1323 millibus
471 1278 641 1323 marcis
655 1277 857 1341 argenti,
879 1293 1078 1341 peregre
1093 1279 1321 1341 perrexit,
1344 1281 1482 1327 terri-

66 1353 301 1419 bilemque
325 1353 538 1401 hostibus
561 1354 771 1400 militum
798 1364 844 1400 et
873 1352 1087 1417 peditum
1118 1355 1479 1403 multitudinem

3 1470 5 1473 .
67 1446 217 1480 secum
235 1430 445 1478 adduxit.
462 1432 585 1478 Nam
600 1449 709 1479 cum
721 1450 777 1479 eo
796 1433 995 1497 profecti
1014 1443 1125 1480 sunt
1142 1433 1265 1491 Odo,
1282 1444 1479 1498 patruus

66 1526 185 1569 suus,
194 1510 457 1575 Bajocensis
468 1511 729 1574 episcopus,
743 1522 790 1557 et
803 1511 1047 1575 Philippus
1059 1511 1273 1568 clericus,
1285 1512 1478 1577 Rogerii

7 1618 10 1627 a
66 1587 244 1635 comitis
258 1587 381 1634 filius
396 1588 492 1651 (ζὼς
515 1588 684 1644 Rotro,
702 1589 953 1643 Goissredi,
977 1590 1162 1636 comitis
1179 1589 1474 1646 Moritoniae‚

4 1700 6 1706 ι
66 1663 182 1711 filius
208 1666 305 1729 (5);
326 1665 612 1722 GualteriUS,
636 1683 792 1713 comes
813 1666 871 1713 de
899 1667 1073 1714 Sancto
1095 1666 1365 1726 Gualerico,
1388 1668 1478 1713 Ri-

107 1818 156 1863 (1)
176 1818 224 1852 La
242 1817 441 1861 Romanie,
464 1830 512 1853 ou
530 1818 563 1853 le
580 1830 667 1865 1:25s
685 1818 730 1853 de
746 1818 881 1862 Rome,
899 1831 1040 1854 comme
1061 1819 1218 1855 disaient
1240 1821 1292 1856 les
1316 1823 1473 1864 Arabes,

65 1877 150 1912 emit
162 1876 196 1912 la
213 1878 362 1925 portion
381 1877 428 1912 de
444 1878 555 1913 l'Asie
574 1879 762 1922 Mineure,
783 1880 899 1914 situee
917 1892 961 1913 au
980 1879 1069 1913 midi
1089 1879 1135 1914 de
1150 1880 1473 1929 Constantinople„

65 1937 125 1984 qui
143 1938 231 1972 etait
248 1939 364 1972 reste'e
385 1948 468 1972 sous
490 1937 524 1972 la
542 1937 773 1973 domination
791 1938 854 1973 des
872 1951 1085 1985 empereurs
1103 1939 1231 1974 Grec-s.

107 1995 156 2043 (2)
177 1997 228 2031 M.
248 1996 445 2042 Poujoulat
462 2009 483 2031 a
503 1998 691 2039 retrouve‚
718 1999 736 2031 3
760 2005 890 2045 quatre
908 1998 1022 2032 licues
1040 2005 1077 2032 et
1102 1997 1223 2033 demie
1245 1999 1291 2033 de
1314 2000 1471 2044 Civitot,

64 2052 113 2089 les
134 2055 258 2091 ruinas
286 2055 331 2090 de
361 2068 401 2091 ce
426 2056 598 2100 chasteau,
622 2057 686 2104 qui
707 2064 856 2104 portent
874 2057 908 2092 le
935 2069 1022 2092 nom
1052 2058 1316 2094 d'Esm-Knm
1345 2061 1473 2104 (vieux

0 2118 14 2141 Ἰ
63 2111 244 2158 dniteau).

105 2171 157 2217 (3)
173 2173 205 2208 Il
223 2175 340 2221 parait
363 2187 435 2222 que
452 2174 485 2209 le
504 2174 576 2209 duc
596 2174 642 2209 de
670 2175 897 2210 Normandic
918 2188 963 2210 nc
987 2178 1101 2223 partit
1124 2177 1207 2224 qu⁷ii
1234 2189 1306 2211 une
1332 2179 1473 2224 epoquc

64 2235 209 2268 :vancee
227 2233 279 2268 du
296 2234 388 2268 mois
405 2233 450 2269 de
471 2234 690 2281 septembre.
710 2237 768 2269 Au
787 2235 905 2268 moins
927 2235 1000 2269 l'un
1022 2235 1068 2269 de
1089 2247 1143 2270 ses
1162 2247 1410 2283 compagnons
1428 2236 1473 2269 de

64 2301 193 2339 voyage
209 2293 222 2337 (
237 2293 442 2327 W'illelmus
461 2292 506 2327 de
531 2292 578 2326 W
576 2293 677 2339 asta)
703 2294 940 2328 souscrix-it-il
961 2306 1092 2329 encore
1119 2307 1193 2330 une
1218 2295 1344 2330 charte
1365 2298 1384 2329 ἐι
1406 2296 1472 2330 Η·-

13 2363 20 2368 ·
62 2360 181 2398 amp,
199 2351 233 2387 le
250 2364 275 2400 9
296 2352 342 2387 de
362 2365 403 2387 ce
430 2353 535 2388 mois.
557 2353 608 2388 Ce
625 2365 670 2387 nc
691 2353 747 2388 sut
767 2353 951 2388 d'aillcurs
971 2355 1139 2402 qn'aprcs
1156 2367 1221 2390 son
1244 2368 1471 2390 commence-

2 2428 16 2443 κ
63 2417 160 2446 ment
176 2424 248 2460 que
264 2412 479 2449 Guillaume
496 2413 610 2460 partit
625 2412 898 2461 d’Angletm-re‚
920 2426 1014 2460 pour
1033 2414 1122 2450 aller
1136 2422 1262 2462 portet·
1279 2415 1313 2449 la
1333 2427 1472 2450 somme

61 2481 259 2517 convenae,
278 2480 316 2508 et
333 2473 496 2508 recevoir
513 2473 546 2507 la
568 2473 794 2508 'Normaudie
813 2486 859 2508 en
877 2487 966 2521 gage
984 2487 1079 2521 pour
1096 2482 1153 2510 cet
1171 2482 1359 2522 emprunt.

102 2531 155 2575 (4)
171 2531 362 2580 Philippe,
384 2533 592 2579 cinquieme
613 2532 668 2566 fils
689 2532 733 2567 de
757 2532 838 2580 Rog
818 2545 880 2567 “er
898 2533 943 2567 de
962 2534 1248 2580 Montgommeli
1270 2542 1306 2569 et
1327 2534 1372 2570 de
1391 2535 1469 2569 Mw

62 2587 151 2635 hile,
168 2599 344 2627 comtesse
365 2591 398 2626 d
403 2591 579 2627 Alencon.
600 2593 677 2627 Ce
665 2604 779 2638 Jeunc
797 2593 968 2639 seigneur
988 2600 1140 2628 mourut
1157 2607 1203 2628 au
1231 2595 1328 2641 siege
1359 2593 1393 2627 d
1397 2596 1470 2629 An-

61 2647 190 2685 tioche
211 2651 276 2686 Les
291 2662 460 2686 surnoms
477 2651 523 2686 de
537 2651 643 2687 Clerc
657 2659 694 2686 et
711 2651 755 2686 de
770 2651 1063 2696 Giammaiiien‚
1084 2653 1147 2700 qui
1165 2653 1217 2688 lui
1232 2660 1314 2688 sont
1331 2653 1469 2688 donnes

62 2718 125 2754 par
138 2708 189 2745 les
205 2710 423 2755 historiens,
442 2719 622 2759 prouvent
641 2711 729 2759 qu’il
748 2712 836 2747 etait
856 2713 1005 2748 instruit
1023 2725 1117 2760 pour
1135 2725 1200 2748 son
1218 2716 1372 2761 cpoquc.

101 2769 153 2816 (5)
170 2771 310 2808 Rotrou
323 2800 332 2816 ,
354 2771 544 2808 deuxieme
563 2771 612 2807 du
630 2784 734 2809 nom.
756 2773 818 2819 qui
839 2773 895 2808 sut
913 2779 1032 2808 comte
1053 2772 1102 2808 du
1119 2773 1261 2808 Pcrclic
1282 2775 1384 2819 apri-s
1406 2785 1469 2806 sou

60 2839 153 2874 pene.
