2033 3445
69 346 187 394 [CIRCA
211 343 330 390 1090]
548 339 705 378 LIBER
733 338 1000 377 SEPTIMUS.
1407 344 1484 380 ‘219

67 429 232 477 furtim
265 428 494 492 arripuit,
531 438 578 474 et
611 428 657 473 in
691 426 864 473 Gallias
900 427 1148 491 aufugere,
1190 428 1485 492 patriamque

69 524 220 563 suam,
246 505 616 569 coenobiumque
633 522 771 550 suum
794 514 927 549 tanto
952 503 1173 551 thesauro
1196 503 1347 550 ditare
1371 516 1485 551 sate-

68 585 152 650 git.
178 583 381 641 Verum,
408 584 516 648 quia
538 600 651 629 mox
676 593 729 628 ut
753 582 844 628 tale
869 582 1176 628 latrocinium
1200 580 1287 628 sibi
1312 583 1483 627 sactum

67 663 288 708 Bai-enses
312 670 670 724 compererunt,
700 660 842 724 longe
873 660 1058 725 lateque
1082 659 1354 706 veredarios
1383 677 1488 706 suos

69 737 124 784 ad
147 737 353 784 confines
378 754 484 783 suos
508 747 554 782 et
588 737 761 783 amicos
795 746 935 800 atque
966 747 1193 800 patronos
1225 737 1484 790 miserunt,

68 831 324 879 omnesque
342 814 577 870 tramites,
605 813 776 878 quibus
796 814 892 859 itur
916 814 962 860 in
986 814 1258 872 Franciam‚
1284 814 1486 861 sollicite

70 891 235 948 tutari,
274 908 334 938 ne.
366 892 442 937 sur
476 890 742 955 hujusmodi
780 891 1110 956 elongaretur,
1150 893 1308 939 conati
1356 903 1483 938 sunt.

68 969 326 1033 Stephanus
364 969 617 1016 Venusiam
655 969 874 1027 divertit,
914 970 1074 1035 ibique
1111 970 1302 1017 timidus
1343 970 1487 1017 latere

69 1048 228 1094 volens
254 1046 503 1105 hiemavit,
532 1059 577 1094 et
607 1065 826 1094 serenum
856 1065 940 1094 ver
972 1059 1222 1112 expectans
1254 1059 1488 1112 aegrotare

69 1125 231 1189 coepit.
254 1125 434 1172 Deinde
454 1125 700 1173 deficiente
718 1125 806 1172 sibi
829 1143 970 1173 censu
992 1127 1277 1182 necessario,
1301 1137 1487 1172 coaetus

68 1213 135 1249 est
157 1219 245 1266 pro
272 1203 402 1249 victu
431 1202 692 1250 distrahere
715 1215 967 1267 argentum
995 1203 1052 1249 de
1079 1214 1242 1249 sancto
1266 1202 1482 1249 brachio.

67 1279 251 1326 Interea
287 1297 373 1343 per
411 1291 557 1327 totam
591 1280 771 1326 ltaliam
807 1292 852 1326 et.
881 1281 1089 1326 Siciliam
1121 1282 1242 1327 sama
1275 1281 1485 1326 volitavit

69 1356 198 1422 quod
219 1375 243 1403 a
261 1357 407 1403 Gallis
426 1369 699 1421 surreptum
720 1369 836 1404 esset
858 1358 1105 1405 brachium
1130 1357 1256 1404 beati
1282 1358 1482 1404 Nicolai¹

69 1435 302 1499 Denique,
326 1435 440 1481 dum
464 1435 521 1482 de
543 1436 621 1482 tali
639 1438 766 1482 surto
788 1436 952 1483 crebra
981 1437 1158 1483 locutio
1174 1437 1375 1500 populos
1392 1453 1489 1482 mo-

70 1523 224 1569 veret,
250 1523 296 1559 et
321 1530 344 1558 a
370 1512 651 1577 quibusdam
677 1513 1045 1560 V‘enusiensibus
1070 1514 1351 1577 famulisque
1376 1531 1487 1560 mo—

70 1714 198 1749 servait
211 1725 273 1760 pas
286 1713 488 1748 seulement
506 1726 597 1760 pour
613 1713 756 1748 donner
772 1713 804 1748 la
827 1714 1076 1755 benedictioni,
1094 1715 1183 1748 mais
1201 1726 1333 1749 encore
1347 1727 1488 1749 comme

70 1774 231 1808 sanction
252 1773 314 1808 des
343 1780 522 1808 serments
551 1786 622 1821 qne
654 1773 724 1808 l'on
744 1774 863 1808 faisait
882 1774 1006 1820 preter
1026 1773 1164 1807 dessus.
1198 1775 1244 1808 Le
1265 1774 1489 1821 magnifique

69 1833 272 1869 cartulaire
300 1833 346 1868 de
364 1840 458 1868 cette
477 1833 613 1880 abbaye
631 1834 813 1868 renferme
832 1846 883 1868 un
908 1833 1023 1879 grand
1043 1833 1199 1868 nombre
1215 1833 1260 1867 de
1279 1835 1398 1880 pii-ces
1411 1862 1418 1875 ,
1441 1835 1487 1867 ιιι]

71 1901 164 1930 cette
183 1894 366 1929 formalite
383 1901 435 1929 est
454 1895 711 1937 mentionnee‚
731 1901 766 1928 et
786 1894 856 1928 l’on
877 1895 951 1928 voit
971 1894 1107 1938 ligni-er
1125 1906 1187 1928 sur
1205 1894 1490 1941 quelques-unes

72 1952 116 1987 de
144 1964 198 1987 ses
223 1953 428 1999 precieuses
451 1953 631 1999 vignettes
657 1952 688 1987 le
716 1952 911 1999 reliquaire
935 1964 979 1986 au
1000 1964 1129 1998 moyen
1153 1951 1290 1999 (luquel
1309 1952 1376 1986 elle
1403 1952 1491 1985 s‘ac-

73 2012 303 2059 complissait.
330 2013 359 2047 Il
384 2014 550 2059 presente
577 2011 610 2046 la
639 2013 756 2047 sor-me
780 2010 867 2047 d'un
890 2013 1049 2059 gantelet
1071 2013 1353 2059 grossierement
1372 2011 1486 2053 taille,

72 2072 117 2108 de
135 2080 232 2108 sorte
250 2086 341 2121 que,
365 2074 502 2120 malgre
520 2073 552 2107 la
574 2073 730 2108 sormule
747 2075 938 2108 consacree
954 2101 961 2115 ‚
983 2085 1030 2107 on
1050 2073 1129 2107 doit
1148 2084 1278 2118 pensor
1297 2072 1386 2119 qu'il
1406 2084 1489 2106 ren-

73 2131 216 2167 fermait
232 2145 305 2168 non
323 2132 356 2167 le
374 2132 457 2167 bras
477 2133 608 2175 entier,
630 2133 719 2166 mais
738 2132 941 2167 seulement
959 2132 990 2166 la
1009 2132 1107 2166 main
1126 2131 1174 2165 (lu
1196 2132 1289 2165 saint
1307 2131 1456 2178 ex'eque.

119 2192 220 2226 Nous
239 2205 284 2227 ne
303 2199 474 2227 trouvons
493 2192 581 2226 dans
602 2192 789 2239 l'ouvrage
809 2192 859 2226 du
878 2193 964 2240 pere
991 2192 1142 2226 Bratillo
1161 2203 1302 2226 aucune
1326 2191 1489 2225 mention

74 2251 118 2287 de
145 2251 399 2287 l⁷enleven1ent
421 2253 456 2286 ni
485 2253 603 2287 meme
623 2252 667 2287 de
686 2252 894 2287 l'existence
911 2252 998 2286 d'un
1018 2252 1214 2299 reliquaire
1233 2257 1431 2285 contenant
1456 2250 1489 2283 l‹·

75 2311 156 2346 bras
174 2311 220 2347 de
237 2313 332 2347 saint
359 2312 522 2354 Nicolas‚
548 2311 728 2360 quoiqu'il
759 2324 849 2347 nous
876 2325 920 2347 en
941 2313 1078 2359 signale
1098 2313 1149 2347 six
1169 2319 1290 2346 autres
1308 2311 1353 2346 de
1373 2311 1490 2345 meme

74 2372 199 2418 espece
228 2384 370 2407 comme
398 2373 523 2407 reunis
553 2372 643 2407 dans
675 2372 708 2406 le
739 2374 857 2407 tresor
877 2372 922 2406 de
948 2384 1011 2407 son
1030 2372 1155 2419 eglise.
1183 2373 1248 2406 Les
1274 2372 1357 2406 bras
1381 2372 1443 2418 qui
1468 2384 1490 2416 y

75 2430 208 2465 etaient
234 2432 383 2478 exposes
411 2434 430 2465 a
461 2431 493 2465 la
522 2432 733 2466 venerationi
760 2431 822 2465 (les
845 2431 966 2466 fideles
995 2431 1149 2472 etaient,
1173 2429 1294 2472 dit-il,
1316 2442 1405 2464 ceux
1429 2429 1491 2463 des

76 2488 168 2524 deux
191 2491 301 2525 saints
327 2491 482 2538 Jacques
501 2498 539 2526 et
568 2491 613 2525 de
642 2492 736 2526 saint
766 2491 928 2525 Thomas
949 2489 1114 2538 apotres3
1145 2490 1190 2525 de
1211 2491 1307 2525 saint
1326 2490 1466 2524 Urbain
1481 2517 1489 2530 ‚

77 2561 167 2596 pape
186 2557 223 2584 et
243 2557 400 2596 martyr3
422 2550 467 2585 de
487 2551 582 2586 saint
599 2551 761 2585 Thomas
779 2550 823 2585 de
841 2551 1067 2597 Cantorbery
1086 2557 1122 2585 et
1139 2550 1184 2585 de
1203 2551 1297 2585 saint
1316 2550 1489 2589 vincent,

77 2606 209 2644 diacre.

124 2668 170 2703 Le
186 2668 268 2703 bras
288 2669 332 2704 de
352 2670 446 2703 saint
464 2669 627 2704 Thomas
646 2670 739 2704 avait
759 2671 815 2704 ete
839 2669 945 2717 legue
963 2672 981 2705 ἰι
1000 2671 1135 2717 l'eglisc
1153 2670 1199 2705 (le
1222 2669 1491 2705 Saint-Nicolas

80 2741 142 2774 par
161 2729 308 2773 Gallus,
330 2730 466 2778 eveque
487 2730 657 2767 d'Orient
672 2759 680 2773 ,
703 2738 800 2765 mort
826 2733 843 2765 ἐι
863 2731 964 2774 Bari,
987 2734 1034 2765 ou
1055 2732 1079 2766 il
1111 2733 1198 2766 eluit
1218 2745 1309 2765 venii
1329 2744 1373 2765 en
1393 2730 1491 2777 pelo»

79 2788 223 2836 rinage,
244 2797 281 2825 et
294 2789 388 2825 celui
406 2789 451 2825 de
470 2790 563 2825 saint
583 2791 743 2827 Vincent
761 2791 948 2838 provenait
964 2791 1049 2826 (Fun
1070 2792 1204 2838 (ireque
1223 2792 1267 2826 de
1283 2791 1454 2833 Valenre,
1475 2793 1490 2822 ξι

81 2848 110 2883 la
130 2849 221 2884 suite
241 2849 285 2884 (lc
304 2850 569 2886 circonstances
588 2850 813 2886 semblables.
