2085 3455
609 341 687 377 330
974 341 1215 378 HISTORIA
1246 340 1652 378 ECCLEslASTlCA.
1871 344 2005 393 [1090]

608 427 691 472 dus
733 428 854 474 inter
896 428 1129 482 animosos
1172 428 1342 473 milites
1389 427 1550 473 consul
1593 427 1871 472 constitutus
1907 428 2008 474 vilis

608 504 885 562 habebatur,
919 506 1262 569 multiplicique
1289 516 1473 550 terrore
1495 504 1768 568 frequenter
1790 505 2010 567 exanguis

606 581 884 645 angebatur,
912 593 958 628 et
980 583 1159 646 sugam,
1187 581 1314 646 quod
1331 581 1623 644 praecipuum
1644 579 1731 625 sibi
1753 579 2009 627 remedium

605 659 800 722 putabat
819 697 830 715 ,
859 658 1192 705 meditabatur.
1234 659 1334 705 Hoc
1361 658 1682 713 advertentes,
1719 657 2008 704 cenomanni

605 736 738 782 valde
777 737 919 782 laetati
955 747 1088 790 sunt,
1128 747 1172 781 et
1208 738 1434 800 majorem
1472 737 1513 781 ei
1549 746 1729 781 metum
1761 745 2012 798 sempectas

606 815 903 861 incusserunt
929 817 942 871 ζ
958 815 1013 874 i).

671 890 881 937 Tandem
893 891 1062 944 Helias,
1079 891 1392 937 consobrinus
1407 893 1503 955 ejus
1516 894 1531 952 ζ
1540 890 1667 953 2),ad
1687 907 1794 935 eum
1806 891 2008 945 accessit,

605 980 650 1014 et
672 985 778 1014 cum
795 985 850 1014 eo
870 967 927 1014 de
953 968 1312 1014 imminentibus
1334 969 1479 1014 causis
1499 978 1722 1024 tractans,
1745 966 1864 1012 dixit
1885 987 1894 1011 :
1919 970 2014 1012 Au-

605 1045 685 1089 dio
707 1045 1037 1089 mussitantem
1055 1045 1317 1109 populum,
1342 1045 1574 1101 Domine,
1595 1043 1726 1106 quod
1743 1044 1791 1088 in
1810 1045 2013 1105 patriam

606 1133 734 1166 tuam
768 1123 842 1167 vis
876 1122 1051 1177 redire,
1087 1122 1325 1186 durosque
1357 1140 1532 1179 mores,
1567 1133 1609 1167 et
1635 1122 1915 1167 comitatum
1940 1121 2013 1165 in-

605 1200 799 1245 (lomitce
819 1203 973 1262 gentis
1004 1200 1281 1263 relinquere.
1324 1200 1430 1245 Hoc
1455 1199 1671 1263 prcffecto
1698 1198 1857 1244 nullus
1889 1201 2014 1243 ami-

606 1295 763 1322 corum
785 1288 971 1322 tuorum
992 1277 1078 1322 tibi
1097 1277 1233 1322 {lebet
1249 1277 1550 1322 dissuadere.
1574 1277 1710 1322 ssiam
1728 1277 1852 1321 sicut
1869 1293 2013 1321 mores

606 1357 672 1398 tui
687 1353 885 1418 placidi
904 1365 1012 1399 sunt
1020 1392 1035 1411 ,
1059 1365 1321 1418 amantque
1343 1353 1741 1416 tranquillitatem
1759 1356 1922 1416 pacis,
1947 1353 2016 1398 sic

605 1431 747 1496 lzujus
771 1431 944 1477 incolae
968 1433 1176 1495 regionis
1206 1433 1440 1477 continuis
1464 1441 1644 1476 vacant
1670 1429 1829 1487 bellis,
1858 1440 1901 1474 et
1922 1432 2015 1473 im-

599 1513 836 1571 patientes
869 1519 979 1554 sunt
1013 1510 1200 1571 quietis:
1246 1509 1489 1553 Proeterea
1526 1507 1854 1571 implacabiles
1885 1506 2014 1552 ZVor-

605 1587 777 1630 manni
808 1586 1184 1631 Cenomanniam
1216 1586 1592 1640 calumniantur,
1626 1596 1669 1629 et
1699 1602 1806 1630 cum
1837 1585 2019 1647 ingenti

588 1718 594 1725 .
596 1661 792 1723 scritate
825 1662 1192 1708 Cenomannicis
1223 1662 1333 1707 dira
1360 1665 1725 1707 comminantur.
1761 1661 1898 1706 AVam
1916 1661 2017 1724 filii

606 1741 731 1802 regis
760 1739 1032 1796 Guillelnzi,
1061 1743 1141 1802 qui
1168 1739 1280 1784 olim
1308 1740 1429 1784 inter
1455 1756 1504 1784 se
1535 1737 1856 1792 dissidebant,
1890 1756 2015 1784 nunc

607 1817 898 1862 reconciliati
937 1829 1075 1873 sunt,
1120 1829 1161 1862 et
1204 1819 1253 1862 in
1294 1817 1650 1862 Normanm‘am
1690 1833 1793 1861 cum
1835 1815 2018 1878 grandi

604 1896 815 1941 exercitu
854 1897 1162 1949 conveniunt,
1210 1904 1260 1940 ut
1297 1898 1345 1939 in
1381 1906 1550 1940 terram
1589 1905 1796 1940 nostram
1832 1903 2016 1957 repente

605 1984 886 2027 acciwrant,
918 1984 961 2017 et
984 1990 1067 2017 nos
1099 1974 1183 2034 qui
1207 1983 1371 2017 contra
1397 1971 1505 2017 illos
1532 1970 1860 2016 rebellavimus
1890 1980 2012 2015 atro-

649 2129 700 2171 (1)
722 2128 769 2161 Le
790 2134 865 2161 mot
887 2135 1068 2173 sempecta
1089 2135 1143 2162 est
1169 2130 1364 2174 emprunte
1391 2131 1409 2162 ἐι
1436 2128 1468 2162 la
1492 2127 1590 2174 regle
1615 2128 1660 2160 de
1676 2126 1811 2160 l'ordre
1830 2125 1876 2160 de
1893 2125 2012 2162 Saint-

605 2187 750 2229 Beno'it,
779 2186 868 2221 dans
891 2187 1046 2234 laquelle
1073 2188 1095 2222 il
1119 2188 1270 2234 designe
1295 2188 1344 2222 les
1366 2188 1505 2222 moines
1523 2189 1686 2222 veterans
1709 2187 1794 2233 qui,
1816 2187 1920 2231 apres
1937 2187 2013 2221 cin-

603 2252 739 2291 quante
761 2257 824 2279 ans
847 2245 892 2279 de
913 2247 1133 2292 profession,
1155 2248 1327 2281 11⁷etaient
1348 2247 1428 2294 plus
1452 2248 1587 2281 soumis
1605 2249 1622 2280 a
1641 2258 1781 2280 aucune
1799 2246 1932 2292 charge
1949 2247 2012 2292 pe-

604 2303 715 2338 nible.
736 2303 836 2338 Nous
856 2317 1013 2350 pensons
1036 2306 1124 2352 qu’il
1142 2305 1219 2340 saut
1239 2305 1306 2340 lire
1323 2319 1389 2351 per
1411 2311 1629 2352 sempectas,
1652 2311 1687 2338 et
1706 2316 1779 2338 non
1803 2310 2011 2350 sempectoe,

602 2374 743 2397 comme
771 2362 804 2397 le
830 2376 983 2410 propose
1015 2366 1071 2399 Du
1100 2366 1236 2412 Cange.
1266 2366 1317 2400 Ce
1345 2377 1492 2412 passage
1517 2365 1733 2412 siguifierait
1758 2364 1848 2398 ainsi
1871 2376 1942 2411 que
1964 2363 2012 2399 les

601 2423 800 2457 Manceaux
813 2450 821 2464 ,
850 2426 1011 2471 ennuyes
1035 2432 1071 2459 et
1094 2426 1265 2460 humilie's
1286 2425 1400 2460 d'etre
1421 2427 1621 2471 gouvernes
1640 2437 1705 2471 par
1724 2437 1773 2458 un
1792 2424 1962 2471 seigneur
1984 2424 2011 2457 si

602 2480 807 2527 incapahle,
833 2481 884 2515 lui
909 2481 1018 2516 firent
1041 2485 1270 2529 representer
1294 2495 1358 2530 par
1377 2483 1426 2517 les
1444 2484 1590 2517 anciens
1614 2482 1663 2516 du
1682 2494 1767 2528 pays
1788 2482 1840 2516 les
1859 2481 2011 2528 dangers

601 2539 646 2574 de
665 2551 700 2572 sa
715 2540 874 2585 position
888 2568 896 2580 ,
917 2540 962 2575 de
980 2542 1141 2576 muniere
1160 2544 1177 2575 a
1195 2541 1383 2588 l'effrayer,
1401 2549 1437 2576 et
1455 2544 1473 2575 ἐι
1490 2542 1540 2575 lui
1561 2541 1650 2575 faire
1667 2548 1832 2587 acceptel·
1845 2541 1894 2576 les
1910 2539 2012 2575 offres

603 2598 761 2633 d'Helie.

647 2659 697 2702 (2)
722 2657 822 2691 Nous
842 2671 995 2704 croyons
1015 2661 1114 2694 avoir
1132 2660 1243 2695 etabli
1262 2660 1371 2694 d’une
1390 2661 1550 2694 maniere
1570 2660 1832 2694 incontestable
1847 2659 2011 2707 qu’Helie

604 2717 730 2751 n'etait
747 2729 809 2763 pas
825 2717 1025 2753 seulement
1044 2719 1075 2753 le
1090 2731 1203 2754 neven
1220 2722 1238 2753 a
1256 2720 1288 2754 la
1307 2719 1414 2754 mode
1431 2720 1475 2753 dc
1494 2719 1672 2766 Bretagne
1689 2718 1733 2751 de
1752 2719 1901 2764 Hugue,
1925 2716 2010 2750 mais

604 2788 734 2810 encore
753 2789 817 2810 son
841 2777 1017 2823 petit-fils.
1043 2779 1199 2813 Orderic
1222 2780 1333 2825 pai-ait
1356 2780 1453 2813 avoir
1473 2778 1755 2825 completenient
1774 2778 1902 2824 ignore
1919 2782 2009 2810 cette

604 2836 757 2871 seconde
774 2840 940 2882 parentii,
964 2838 1150 2884 beaucoup
1171 2839 1250 2884 plus
1271 2840 1494 2885 rappi'orlicc
1513 2851 1583 2884 que
1601 2839 1629 2872 la
1651 2839 1840 2884 premiere.
