2085 3455
585 283 664 320 342
957 282 1204 321 HISTORIA
1235 281 1637 318 ECCLESIASTICA.
1866 287 2005 336 [1090]

585 380 670 415 est.
698 368 850 428 Quam
875 385 988 414 mox
1012 379 1064 414 ut
1087 385 1226 432 super
1251 385 1297 414 se
1317 378 1485 415 cuncta
1505 369 1747 432 corripere
1765 368 2002 428 viderunt,

585 447 802 510 collapsis
834 446 1015 492 viribus
1047 446 1346 505 defecerunt,
1374 457 1420 493 et
1448 445 1714 492 furentibus
1737 463 1824 510 per
1846 450 2005 495 omnia

588 526 871 571 intrinsecus
902 524 1201 571 flammarum
1235 524 1412 589 globis,
1457 525 1723 571 clementiae
1749 524 1880 571 ducis
1914 543 2007 573 sese

586 602 887 649 dediderunt.
910 602 985 649 Sic
1005 602 1274 649 Rodbertus
1290 602 1385 648 dux
1406 601 1465 647 ab
1489 602 1605 648 hora
1623 620 1747 648 nona
1765 603 2007 650 Brioniam

585 692 694 727 ante
721 681 829 727 solis
866 698 1084 727 occasum
1118 680 1355 737 obtinuit,
1394 698 1536 745 quam
1567 679 1850 726 Guillelmus
1879 691 2008 743 pater

586 760 702 822 ejus,
725 776 835 804 cum
852 758 1029 804 auxilio
1053 759 1247 805 Henrici
1268 759 1564 805 Francorum
1585 758 1726 822 regis,
1751 758 1838 803 sibi
1858 758 1936 804 vix
1961 759 2007 805 in

588 834 741 880 tribus
775 836 910 880 annis
940 832 1161 897 subigere
1187 836 1366 897 potuit,
1396 834 1512 880 (lum
1536 834 1717 890 Guido,
1750 834 1871 880 filius
1897 834 2010 880 Rai-

587 910 714 957 naldi
732 909 1107 974 Burgundionis,
1136 921 1241 974 post
1259 911 1482 974 praelium
1500 910 1890 967 Vallisdunensis‚
1916 911 2010 958 illic

586 987 863 1051 praesidinm
888 987 975 1033 sibi
1002 989 1181 1033 statuit.

651 1067 707 1111 In
757 1067 1110 1130 expugnatione
1159 1066 1379 1129 praedicti
1429 1067 1568 1112 castri
1616 1064 1909 1112 Gislebertus
1955 1065 2010 1112 de

586 1145 706 1190 Pino
734 1148 801 1207 (ι)
825 1145 1046 1208 princeps
1069 1145 1254 1191 militiae
1275 1155 1400 1200 erat,
1430 1156 1476 1190 et.
1494 1144 1816 1191 obsidentium
1835 1155 2011 1190 turmas

586 1222 644 1268 cle
666 1223 817 1269 Ponte
842 1223 1085 1269 Aldemari
1106 1234 1152 1270 et
1176 1223 1477 1270 Bellomonte
1501 1225 1569 1287 (2)
1591 1222 1790 1286 provide
1813 1223 2011 1269 ordina—

586 1299 691 1355 bat,
721 1318 773 1347 ac
811 1312 865 1347 ut
900 1301 1252 1348 intolerabilem
1299 1301 1525 1347 assultum
1563 1301 1755 1355 clarent,
1795 1299 2012 1348 audacter

589 1377 832 1424 incitabat.
860 1379 1045 1425 Interea
1065 1380 1164 1442 pilo
1186 1378 1386 1442 desuper
1410 1389 1578 1424 ruente
1598 1378 1836 1424 lethaliter
1860 1378 1909 1423 in
1933 1395 2012 1423 ca-

587 1456 686 1518 pite
701 1473 946 1519 percussus
966 1468 1055 1513 est,
1075 1468 1123 1502 et
1140 1458 1360 1520 protinus
1380 1474 1403 1502 a
1424 1457 1560 1504 sociis
1579 1455 1870 1520 lugentibus,
1894 1472 2012 1518 pene

588 1534 835 1591 exanimis,
857 1534 915 1581 de
935 1552 1151 1598 pressura
1174 1535 1499 1598 praeliantium
1524 1536 1696 1598 ejectus
1722 1544 1806 1580 esu
1830 1532 2011 1580 Deinde

587 1626 675 1672 per
697 1610 840 1658 breve
863 1613 1066 1675 spatium
1092 1613 1272 1658 saucius
1297 1612 1355 1658 de
1377 1612 1650 1675 lipotosmia
1679 1612 1753 1675 (3)
1775 1610 1942 1667 rediit,
1969 1621 2015 1656 et

588 1687 871 1734 terribiliter
894 1688 951 1735 acl
977 1690 1335 1736 circumstantes
1358 1689 1606 1735 vociferari
1633 1689 1782 1751 coepit
1806 1707 1816 1733 :
1852 1688 1893 1734 O
1921 1690 2016 1733 mi-

587 1768 704 1823 seri,
731 1768 919 1823 miseri,
947 1764 1291 1830 qzcz'clfacitis?
1315 1785 1402 1814 car
1424 1779 1639 1831 tempora
1660 1778 1824 1812 nostra
1844 1765 2015 1830 perdi—

589 1845 688 1889 tis?
714 1862 800 1890 car
821 1844 995 1890 mundi
1025 1848 1263 1892 vanitates
1299 1845 1536 1909 diligitis,
1573 1855 1616 1889 et
1640 1861 1727 1901 ea,
1763 1861 1870 1906 qaoe
1910 1861 2016 1890 vere

639 2018 689 2063 (ι)
704 2018 735 2052 Il
751 2018 864 2053 existe
877 2030 924 2052 en
938 2018 1166 2053 Normandie
1180 2019 1272 2053 trois
1287 2029 1501 2052 communes
1518 2017 1564 2052 de
1577 2029 1618 2051 ce
1631 2028 1737 2059 nom3
1753 2028 1846 2051 nous
1861 2028 2016 2063 pensons

591 2078 682 2125 qu'il
710 2078 814 2125 s'agit
838 2078 885 2113 ici
911 2078 962 2112 du
988 2079 1278 2121 Pin-au-Haras,
1308 2085 1442 2112 canton
1466 2077 1654 2121 d’Exmes,
1683 2077 1776 2112 dont
1803 2076 1946 2112 Robert
1971 2076 2016 2112 de

592 2137 739 2172 Meulan
762 2138 852 2172 e'tait
877 2139 1066 2185 seigneur,
1096 2145 1133 2174 et
1156 2138 1246 2186 qu'il
1268 2137 1390 2172 donna
1408 2139 1427 2171 a
1446 2138 1582 2184 Hugue
1603 2137 1648 2171 de
1670 2137 1770 2180 Laci,
1795 2143 2016 2184 moyennant

592 2197 626 2232 le
643 2197 779 2232 service
797 2197 842 2231 de
858 2197 954 2232 deux
970 2198 1169 2233 chevaliers
1187 2214 1193 2232 :
1211 2198 1397 2233 Honorem
1415 2197 1461 2232 de
1475 2198 1574 2232 Pimc
1587 2200 1729 2244 integre
1745 2210 1814 2244 per
1831 2199 2016 2232 servitium

593 2257 750 2292 (luorum
770 2258 941 2301 militum,
964 2260 1101 2293 scilicet
1120 2258 1224 2304 apud
1247 2259 1383 2293 Pinum
1403 2265 1437 2293 et
1461 2258 1676 2304 lVealplmm
1700 2257 2014 2305 (Neauphle-sur-

591 2317 710 2362 Dive),
729 2323 764 2351 et
779 2317 1015 2352 Montormou
1030 2318 1336 2363 (ll'lont—Orniel),
1354 2325 1389 2352 et
1402 2319 1641 2361 Assem'llam,
1660 2325 1694 2353 et
1707 2319 2012 2353 Brusevillam....

597 2377 700 2412 Sicut
722 2391 885 2425 unquam
907 2379 1018 2412 libere
1040 2385 1074 2413 el
1095 2380 1225 2414 melius
1245 2379 1430 2414 Robertzcs·
1452 2379 1497 2413 de
1523 2379 1637 2423 Pina,
1665 2378 1841 2413 Odardus
1863 2385 1898 2413 et
1925 2378 2014 2413 Gal-

595 2444 695 2473 ierus
725 2445 933 2472 tenuerunt.
969 2439 1157 2474 Gislebert
1189 2440 1338 2486 ponvait
1368 2452 1500 2474 encore
1525 2440 1602 2474 etre
1631 2440 1832 2486 originaire
1866 2439 1917 2473 du
1947 2439 2013 2473 Pin

593 2511 639 2533 en
662 2499 833 2541 Lieuvin,
857 2506 960 2533 enti-c
984 2501 1128 2535 Lisieux
1148 2507 1184 2535 et
1205 2500 1437 2543 Cormeilles,
1462 2512 1658 2534 commune
1675 2512 1747 2546 peu
1768 2500 1933 2546 eloiguee
1952 2498 2013 2533 des

593 2566 709 2594 vastes
733 2560 956 2606 possessions
980 2560 1025 2595 (le
1048 2561 1173 2609 Roger
1196 2561 1241 2596 de
1259 2561 1463 2595 Beaumont
1485 2560 1575 2595 dans
1604 2559 1944 2594 l’arrondissement
1969 2557 2012 2592 de

594 2618 881 2654 Pontaudemer.

640 2679 691 2724 (2)
714 2678 987 2713 Pontaudemcr
1009 2687 1043 2714 et
1069 2680 1489 2726 Beaumont-le-Roger‚
1515 2679 1565 2715 les
1588 2680 1683 2716 deux
1708 2679 1928 2715 chefs-lieux
1950 2677 2011 2712 des

593 2737 799 2785 proprietes
819 2737 864 2772 de
886 2738 1021 2785 Beger.

641 2796 691 2843 (3)
711 2789 1046 2833 Evanouissenwnt.
