2085 3455
601 323 679 362 :214
969 323 1209 362 HISTORIA
1240 322 1639 361 ECCLESIASTICA.
1872 325 2011 374 [1087]

603 413 814 476 reliquiis
839 411 925 458 sibi
955 412 1256 476 peculiariter
1282 411 1567 466 retinerent,
1600 421 1898 456 asseruerunt
1923 412 2010 473 (1)

604 489 890 537 Romoalclus
924 488 1039 536 duos
1069 488 1126 535 de
1159 488 1378 535 dentibus
1406 499 1452 534 et
1483 487 1540 534 (le
1562 488 1756 533 minutis
1782 487 2012 543 articulis,

605 585 721 632 quos
751 568 961 614 occultos
993 566 1246 622 habuelat‚
1278 565 1608 613 manifestavit.
1642 565 1716 611 Sic
1747 581 1911 611 omnes
1939 565 2016 610 alii

604 644 883 709 particulas,
912 661 1024 707 quas
1060 643 1147 688 sibi
1181 644 1301 690 clam
1328 654 1701 708 sequestlarant,
1730 642 2015 698 attule1unt,

605 733 652 768 et
693 723 874 769 caete1is
919 720 1113 766 artubus
1157 721 1483 768 lestituelunt.
1532 720 1746 784 Denique
1792 736 2020 782 prospelo

606 811 749 846 vento
787 798 961 855 flante,
1006 799 1248 863 latumque
1288 799 1457 846 carinis
1496 815 1663 862 aequor
1701 796 2017 853 sulcantibus,

607 877 785 941 Disigio
811 877 900 940 (2),
929 876 1010 922 uni
1034 887 1302 935 nautarum,
1330 878 1378 923 in
1402 877 1578 923 somnis
1597 886 1780 922 sanctus
1804 874 2022 921 Nicolaus

609 955 849 1018 apparuit,
879 955 1191 1013 confortavit,
1224 965 1269 1001 et
1298 954 1425 1019 quod
1454 955 1681 1018 vigesimo
1711 953 1814 1012 die,
1846 969 1903 999 ex
1928 969 2023 1017 quo

610 1050 781 1097 corpus
823 1034 919 1097 ejus
954 1031 1269 1088 abstulerant,
1310 1033 1539 1078 Barinum
1570 1043 1762 1095 portum
1803 1031 2024 1077 intraturi

612 1122 786 1167 essent,
822 1110 1061 1175 praedixit.
1100 1110 1184 1156 Ille
1218 1111 1369 1156 visum
1400 1111 1534 1157 sociis
1568 1109 1804 1166 narravit,
1841 1119 1888 1154 et
1920 1109 2027 1171 ipsis

614 1189 722 1236 inde
747 1191 917 1253 magna
942 1188 1228 1235 confidentia
1256 1188 1457 1235 inhaesit.

678 1266 875 1313 Avicula
900 1266 1120 1332 quaedam
1144 1283 1201 1312 ex
1232 1266 1489 1329 improviso
1517 1265 1669 1310 nautis
1696 1265 1742 1310 in
1771 1264 1876 1310 navi
1905 1262 2030 1309 voli-

614 1355 717 1390 tans
750 1344 995 1407 apparuit‚
1037 1359 1209 1407 eosque
1239 1342 1474 1406 frequenti
1512 1340 1717 1387 adventu
1754 1357 1837 1386 suo
1872 1339 2030 1386 laetifi-
2084 1344 2085 1352 ¹

616 1422 738 1466 cavit
780 1422 870 1484 (ὅ).
912 1420 1045 1483 Saepe
1086 1421 1226 1466 etiam
1268 1419 1466 1466 odorem
1509 1419 1830 1464 suavissimum
1875 1428 2029 1463 nautae

616 1497 910 1553 sentiebant,
956 1498 1150 1561 aliisque
1192 1495 1544 1543 delectabilibus
1592 1496 1773 1542 indiciis
1816 1495 2029 1542 roborati

618 1574 909 1639 gaudebant,
938 1586 984 1621 et
1008 1575 1103 1620 laeti
1130 1573 1186 1620 ad
1210 1592 1287 1619 sua
1314 1574 1472 1620 littora
1499 1572 1963 1637 appropinquabant,

684 1654 897 1700 Ducente
934 1653 1064 1709 Deo,
1101 1651 1158 1697 ad
1197 1662 1391 1714 portum
1422 1652 1569 1697 sancti
1597 1650 1787 1714 Georgii
1828 1651 1925 1713 (4),
1953 1651 2031 1714 qui

673 1830 724 1875 (1)
748 1830 853 1865 Cette
882 1828 1084 1863 resolution
1113 1828 1169 1862 sut
1191 1827 1288 1874 prise
1317 1839 1361 1861 au
1390 1826 1517 1860 milieu
1542 1826 1652 1860 d'une
1682 1826 1840 1873 tempete
1867 1838 1938 1873 que
1965 1825 2037 1861 l'on

624 1890 777 1937 regarda
796 1901 938 1924 comme
965 1901 1014 1922 un
1035 1888 1138 1934 signe
1155 1887 1200 1921 de
1219 1887 1251 1921 la
1276 1886 1394 1922 colere
1410 1886 1454 1921 de
1473 1885 1569 1920 saint
1588 1885 1732 1921 h'icolas
1749 1888 1768 1921 a
1783 1886 1974 1922 l'occasion
1993 1886 2038 1920 de

624 1950 929 1997 l'eparpillement
945 1948 989 1983 de
1009 1959 1061 1982 scs
1076 1947 1244 1994 reliques.

672 2012 723 2055 (2)
744 2010 893 2046 Beatillo
910 2007 1076 2055 l’appelle
1093 2008 1245 2053 Desigio
1268 2006 1309 2040 di
1324 2006 1492 2040 Alberlo.

672 2070 721 2118 (5)
738 2072 802 2105 Les
818 2079 1016 2115 voyageurs
1035 2067 1178 2113 prirent
1195 2067 1228 2100 la
1245 2066 1349 2100 visite
1366 2065 1411 2100 de
1427 2072 1484 2099 cet
1502 2065 1624 2099 oiseau
1637 2076 1730 2111 pour
1743 2077 1815 2099 une
1834 2063 2040 2111 apparition

628 2131 673 2165 dc
694 2130 788 2164 saint
805 2126 963 2162 Nicolas.

676 2192 725 2236 (4)
746 2189 858 2224 Posto
884 2187 961 2222 San
994 2186 1163 2231 Giorgio,
1186 2183 1422 2230 aujourd'hui
1441 2184 1535 2230 vigie
1554 2195 1636 2217 avec
1653 2182 1850 2229 mouillage
1868 2193 1962 2228 pour
1980 2181 2042 2215 des

630 2251 827 2286 batiments
847 2247 892 2282 de
920 2258 1099 2292 moyenne
1121 2244 1314 2291 grandem,
1336 2246 1354 2278 a
1374 2256 1393 2291 7
1412 2243 1622 2278 kitonita—es
1641 2243 1792 2277 environ
1808 2242 1975 2277 E.·S.-E.
1998 2241 2043 2275 de

633 2309 725 2344 Bari.
752 2308 850 2343 C'est
872 2306 905 2340 le
926 2305 1086 2353 premier
1106 2303 1302 2350 mouillage
1321 2315 1392 2350 que
1416 2303 1490 2337 l’on
1512 2308 1705 2337 rencontre
1725 2302 1829 2347 apres
1849 2301 1928 2335 Bari
1955 2300 2043 2335 dans
2080 2296 2083 2326 Ξ

633 2377 728 2405 cette
767 2367 961 2402 direction.
995 2365 1118 2410 Yoyez
1147 2363 1179 2398 la
1217 2370 1316 2398 carte
1352 2363 1397 2397 de
1429 2363 1601 2409 cabotage
1631 2361 1677 2395 de
1707 2361 1950 2408 l’Adriatique
1979 2373 2043 2407 par

634 2429 870 2474 vetat-major
885 2425 1104 2462 Autrieliien
1119 2452 1127 2467 ,
1148 2423 1272 2460 feuille
1290 2436 1358 2457 inv.
1379 2422 1440 2458 On
1459 2434 1504 2456 ne
1529 2421 1606 2455 doit
1622 2433 1684 2468 pas
1703 2421 1886 2455 s’e'tonner
1903 2419 1948 2453 de
1967 2420 2044 2453 voir

633 2491 817 2536 designer,
848 2498 989 2522 comme
1019 2492 1101 2532 port
1120 2497 1166 2519 au
1187 2496 1318 2530 moyen
1337 2484 1420 2529 fige,
1444 2495 1492 2517 un
1512 2482 1585 2516 lieu
1604 2481 1665 2528 qui
1688 2481 1777 2515 n'est
1797 2480 1878 2527 plus
1896 2479 2042 2525 aujour-
2080 2480 2081 2485 ’

634 2550 737 2585 d’hui
755 2548 870 2596 qu’un
896 2545 1024 2592 simple
1042 2544 1252 2592 mouillage.
1279 2542 1632 2590 Independamment
1650 2540 1712 2575 des
1736 2540 1915 2574 alluvions
1934 2539 2044 2573 mari·
2079 2542 2081 2549 ²

636 2612 762 2651 times,
783 2608 869 2642 c'est
883 2618 956 2640 une
975 2606 1067 2639 snite
1087 2612 1190 2640 toute
1213 2602 1392 2639 naturelle
1412 2602 1456 2637 de
1474 2601 1681 2636 l’accession
1702 2599 1888 2648 graduelle
1907 2606 1943 2634 et
1962 2599 2044 2633 bien
2078 2633 2080 2641 ‚

635 2671 818 2706 constatee
836 2666 881 2702 de
898 2672 1000 2702 toute
1019 2672 1113 2699 cette
1131 2665 1277 2712 portion
1291 2663 1335 2698 de
1355 2663 1386 2697 la
1401 2662 1491 2697 cote.
1511 2661 1541 2696 ll
1555 2674 1599 2695 nc
1618 2662 1694 2695 faut
1707 2672 1769 2707 pas
1787 2659 1986 2694 consondre
2006 2670 2044 2692 ce

638 2731 749 2766 Poslo
771 2729 849 2763 San
883 2727 1032 2772 Giorgio
1059 2737 1142 2759 avec
1168 2737 1217 2758 un
1245 2732 1349 2758 autre
1369 2721 1562 2768 mouillage
1580 2722 1727 2755 nomme
1760 2722 1874 2755 Tor-re
1902 2719 1942 2753 di
1969 2720 2044 2753 San

643 2789 807 2834 Giorgio,
838 2798 900 2820 sur
923 2784 955 2818 la
975 2783 1091 2818 meme
1118 2783 1198 2818 cote
1216 2784 1234 2816 a
1255 2785 1274 2824 4
1291 2781 1499 2816 kilonietres
1521 2781 1558 2814 E.
1579 2779 1624 2814 de
1646 2778 1846 2826 Monopoli.
1874 2779 1938 2813 Les
1957 2778 2044 2812 trois
2077 2777 2079 2783 ⁴

638 2847 777 2882 navircs
794 2845 994 2880 arriverent
1013 2854 1054 2876 an
1072 2848 1153 2887 port
1172 2841 1462 2885 Saint-Georges
1480 2839 1512 2873 le
1528 2838 1663 2873 samedi
1684 2838 1756 2872 sois
1772 2837 1791 2872 S
1812 2837 1893 2871 inai.
