2085 3455
585 292 665 329 370
951 288 1192 327 HIsTORIA
1225 288 1431 326 ECCLESI
1442 288 1628 326 ASTlCA.
1853 291 1992 342 [1091]

582 378 738 425 minus
774 377 968 424 cucullis
1011 378 1169 424 amicti
1213 387 1367 422 erant.
1412 375 1677 422 Gemebant
1714 385 1760 421 et
1797 376 1993 441 plange-

584 456 726 514 bant,
768 466 814 503 et
851 455 1073 502 nonnulli
1115 454 1445 501 Galchelmum
1483 453 1779 509 vocitabant,
1821 470 1873 499 ac
1907 472 1994 516 pro

584 534 781 598 pristina
818 533 1135 580 familiaritate
1167 543 1221 578 ut
1250 549 1340 595 pro
1376 548 1422 578 se
1459 542 1646 586 oraret,
1677 529 1991 594 postulabant.

584 611 760 658 Multos
784 611 1014 657 nimirum
1037 626 1222 673 magnae
1245 608 1572 654 aestimationis
1597 607 1661 653 ibi
1687 605 1930 670 presbyter
1951 625 1995 655 se

583 688 750 735 vidisse
786 687 974 743 retulit,
1010 703 1127 751 quos
1164 685 1368 732 humana
1392 684 1557 748 opinio
1588 684 1771 729 Sanctis
1795 683 1842 728 in
1876 684 1997 730 coelo

576 767 675 830 jam
698 765 976 829 conjunctos
993 763 1178 809 astruit.
1206 764 1460 827 Hugonem
1479 778 1651 825 nempe
1673 761 1817 819 vidit,
1839 761 1999 808 Luxo-

581 844 792 889 viensem
821 842 1075 906 praesulem
1104 841 1201 904 (1),
1243 852 1290 887 et
1321 840 1513 887 abbates
1540 839 1806 903 praecipuos
1835 858 1845 883 ε
1874 839 1998 884 Mai-

582 936 753 967 nerum
770 919 1042 966 Uticensem
1066 918 1165 981 (2),
1193 928 1333 982 atque
1360 916 1651 964 Gerbertum
1672 915 1999 961 Fontinellen-

583 1015 679 1045 sem
708 999 777 1061 (ὅ)
792 1034 806 1056 ,
854 997 1064 1060 aliosque
1099 996 1299 1054 multos,
1344 1013 1461 1060 quos
1501 994 1783 1042 nominatim
1820 1009 2000 1058 nequeo

582 1076 816 1130 recolere,
845 1091 998 1139 neque
1033 1074 1212 1137 scripto
1242 1073 1374 1121 nitor
1412 1072 1593 1121 indere.
1630 1073 1873 1118 Humanus
1898 1072 2001 1136 ple-

582 1168 785 1217 rumque
807 1151 988 1198 fallitur
1013 1151 1235 1206 intuitus,
1268 1149 1348 1196 secl
1368 1151 1454 1196 Dei
1482 1149 1758 1196 medullitus
1778 1148 2002 1212 prospicit

580 1231 762 1276 oculus.
785 1230 941 1276 Homo
955 1228 1085 1275 enim
1103 1227 1229 1274 videt
1247 1228 1294 1274 in
1311 1227 1447 1284 facie,
1468 1228 1591 1274 Deus
1605 1238 1762 1274 autem
1781 1227 1829 1273 in
1843 1226 2000 1274 corde.

583 1309 636 1353 In
657 1324 808 1372 regno
830 1317 1024 1353 aeternae
1049 1304 1356 1352 beatitudinis
1380 1317 1609 1369 perpetua
1635 1305 1820 1352 claritas
1847 1305 2002 1351 omnia

584 1384 804 1443 irradiat,
833 1384 993 1449 ibique
1017 1384 1223 1447 perfecta
1249 1384 1496 1440 sanctitas,
1525 1400 1668 1429 omne
1690 1383 2004 1429 delectamen-

585 1475 684 1510 tum
703 1461 887 1526 adepta,
914 1462 963 1507 in
988 1461 1093 1507 filiis
1112 1462 1247 1525 regni
1265 1461 1484 1507 exsultat.
1509 1461 1578 1507 lbi
1596 1460 1715 1507 'nihil
1737 1459 2005 1508 inordinate

583 1542 758 1604 agitur,
789 1539 908 1586 nihil
930 1539 1232 1604 inquinatum
1256 1539 1368 1585 illuc
1388 1539 1744 1585 intromittitur.
1765 1538 1895 1584 Nihil
1913 1555 2007 1585 sor-

584 1619 766 1673 didum,
786 1618 1113 1682 honestatique
1133 1617 1450 1673 contrarium,
1476 1616 1573 1662 illic
1593 1617 1849 1679 reperitur.
1870 1615 2005 1662 Unde

587 1695 818 1761 quidquid
840 1696 1178 1742 inconveniens
1201 1696 1291 1741 faex
1315 1694 1516 1740 carnalis
1540 1695 1800 1751 commisit,
1828 1712 2006 1759 purga-

588 1776 714 1822 torio
740 1775 847 1838 igne
867 1773 1166 1837 decoquitur,
1193 1773 1429 1836 variisque
1452 1771 1837 1836 purgationibus,
1864 1783 2007 1835 prout

588 1864 795 1900 aeternus
818 1869 985 1898 censor
1003 1850 1238 1914 disponit,
1262 1849 1563 1897 emundatur.
1587 1850 1650 1895 Et
1675 1851 1794 1896 sicut
1822 1868 1900 1896 vas
1922 1866 2006 1896 ex—

589 1942 719 1979 cocta
752 1929 975 1993 rubigine
1007 1928 1263 1984 mundum,
1292 1939 1340 1975 et
1361 1928 1616 1993 diligenter
1639 1927 1848 1993 undique
1881 1928 2006 1992 poli-

591 2020 719 2068 tum,
754 2009 802 2054 in
832 2007 1105 2053 thesaurum
1128 2005 1429 2063 reconditur,
1469 2006 1534 2052 sic
1573 2006 1754 2059 anima,
1793 2006 2006 2053 omnium

590 2087 819 2134 vitiorum
843 2103 866 2131 a
891 2085 1174 2149 contagione
1192 2083 1414 2130 mundata
1429 2120 1442 2142 ‚
1463 2083 1731 2148 paradisum
1753 2083 2007 2131 introduci-

591 2176 687 2222 tur,
718 2163 875 2228 ibique
904 2163 1036 2210 omni
1061 2163 1280 2209 felicitate
1308 2163 1515 2226 pollens,
1545 2163 1645 2209 sine
1668 2173 1795 2210 metu
1823 2173 1870 2209 et
1898 2179 2004 2209 cura

593 2243 795 2288 laetatur.

646 2316 964 2364 Terribilibus
979 2317 1086 2364 visis
1099 2317 1346 2381 presbyter
1359 2317 1615 2365 admodum
1632 2317 1914 2381 trepidabat,
1931 2316 2007 2363 ba-

591 2396 793 2460 culoque
813 2396 1021 2454 innixus,
1044 2394 1334 2442 terribiliora
1357 2395 1672 2459 exspectabat.
1696 2396 1820 2442 Ecce
1847 2396 2008 2459 ingens

590 2474 822 2521 exercitus
844 2474 1051 2519 militum
1072 2472 1372 2538 sequebatur,
1396 2484 1442 2519 et
1468 2473 1627 2519 nullus
1652 2473 1801 2528 color,
1831 2489 1917 2518 nec
1937 2471 2004 2535 (4)

634 2624 683 2669 (1)
702 2623 837 2667 Hugue
855 2620 966 2664 d’Eu,
991 2621 1128 2668 cvequc
1150 2621 1195 2656 de
1217 2622 1358 2656 Lisieux
1378 2621 1690 2669 (1050-17juillet
1713 2622 1827 2670 1077).

634 2684 684 2729 (2)
705 2682 871 2724 Mainier,
894 2681 985 2715 abbe'
1004 2681 1051 2715 dc
1071 2681 1362 2716 Saint-Evroult.

633 2741 683 2787 (3)
702 2741 883 2784 Gerbert,
906 2740 998 2774 abbe
1017 2740 1061 2774 de
1082 2740 1431 2775 saint-Wandrille.

633 2802 683 2845 (4)
703 2801 802 2834 Nous
821 2811 976 2846 pensons
996 2800 1083 2846 qu’il
1105 2800 1180 2834 saut
1201 2800 1268 2834 lire
1285 2803 1303 2834 a
1321 2800 1352 2834 la
1372 2800 1471 2846 place
1490 2801 1535 2835 dc
1555 2814 1594 2835 ce
1615 2808 1690 2835 mot
1712 2817 1717 2821 ·
1739 2801 1819 2835 sed.
