2033 3445
512 313 664 351 LIBER
693 312 937 350 OCTAVUS.
1355 319 1434 354 235

38 415 149 457 tem,
175 401 419 455 excitavit,
447 400 582 462 eique
615 397 832 444 hostilem
856 397 1118 443 discursum
1148 416 1232 461 per
1260 411 1436 447 terram

34 495 158 527 suam
172 475 430 523 nunciavit.
453 476 538 520 Ille
558 491 688 530 vero,
715 472 981 537 utjacebat,
1000 475 1202 538 impiger
1216 480 1435 534 surrexit,

33 565 77 602 et
86 569 195 599 mox
210 568 465 615 praecones,
482 551 539 597 ad
550 549 936 614 congregandum
947 567 1112 614 agmen
1126 562 1415 599 armatorum
1426 591 1437 611 ,

33 648 114 696 per
142 640 287 676 totam
320 629 561 692 regionem
606 627 796 673 direxit.
834 627 986 674 Porro
1019 629 1113 691 ipse
1144 647 1252 676 cum
1282 633 1439 693 paucis

33 705 332 754 bellatoribus
366 706 619 768 imparatus
652 704 846 750 Guallos
876 716 1149 767 prosecutus
1184 717 1276 762 est,
1306 719 1352 753 et
1382 707 1438 755 de

34 785 200 831 vertice
242 782 417 828 montis
454 781 791 837 Hormahevae,
831 782 911 845 qui
954 782 1096 827 nimis
1136 783 1308 829 arduus
1344 797 1436 843 est,

33 859 232 923 captivos
262 876 286 903 a
324 859 485 921 piratis
518 858 671 922 ligari,
706 868 752 903 et
782 858 829 903 in
867 875 1003 903 naves
1041 876 1148 904 cum
1188 862 1438 923 pecoribus

31 937 310 1001 praecipitari
327 937 589 999 speculatus
605 947 689 982 est.
703 935 838 982 Unde
851 934 1120 993 marchisus,
1136 937 1283 984 audax
1303 950 1353 984 ut
1367 940 1438 985 leo

34 1014 221 1071 nobilis,
253 1013 558 1061 vehementer
595 1015 863 1074 infremuit,
899 1014 1205 1080 hominesque
1238 1035 1433 1080 paucos,

32 1092 107 1157 qui
133 1109 287 1138 secum
312 1092 512 1138 inermes
545 1103 702 1147 erant,
734 1103 807 1149 ut,
835 1102 1086 1156 antequam
1121 1106 1259 1140 [estus
1294 1097 1436 1141 maris

30 1168 221 1225 rediret,
248 1187 389 1233 super
412 1170 604 1216 Guallos
625 1170 671 1215 in
692 1171 814 1216 sicco
835 1171 993 1216 littore
1015 1172 1254 1218 irruerent
1279 1174 1437 1220 admo-

30 1248 144 1293 nuit.
166 1247 240 1292 Illi
267 1264 381 1293 vero
404 1247 709 1310 praetendunt
735 1264 928 1293 suorum
951 1249 1235 1311 paucitatem
1253 1287 1264 1307 ,
1282 1262 1328 1296 et
1352 1250 1436 1314 per

29 1324 153 1371 ardui
185 1327 360 1372 montis
391 1326 709 1389 praecipitium
741 1325 1052 1372 descendendi
1090 1326 1431 1375 difficultatem.

29 1403 234 1467 Denique
251 1402 536 1460 Rodbertus,
553 1403 665 1449 dum
679 1402 862 1449 videret
879 1404 1121 1450 inimicum
1140 1423 1307 1469 agmen
1329 1425 1436 1453 cum

29 1479 178 1543 praeda
213 1497 291 1525 sua
327 1480 589 1543 praestolari
619 1478 823 1525 reditum
851 1480 1017 1535 maris,
1045 1497 1140 1543 quo
1167 1483 1434 1545 aufugeret,

30 1557 161 1603 nimis
175 1556 343 1609 doluit,
357 1558 697 1621 impatiensque
714 1574 879 1609 morte,
898 1556 1229 1619 perdifficilem
1249 1560 1438 1607 descen-

26 1650 119 1679 sum
144 1634 241 1679 sine
267 1634 430 1690 lorica,
458 1632 685 1679 cumiano
710 1634 887 1687 milite,
916 1634 1110 1680 nominc
1135 1634 1351 1682 Osberno
1377 1637 1434 1683 (lc

27 1710 247 1775 OrgeriiS,
270 1710 326 1757 ad
347 1711 500 1758 hostes
522 1710 777 1757 descendit.
801 1711 948 1771 Quem
974 1730 1079 1757 cum
1102 1713 1315 1759 viderent
1334 1716 1435 1761 solo

26 1786 509 1850 clypeogprotectum,
552 1798 598 1833 et
638 1804 734 1834 uno
770 1798 955 1832 tantum
991 1788 1141 1833 milite
1181 1790 1429 1852 stipatum,

26 1879 180 1910 omnes
210 1865 388 1928 pariter
417 1866 463 1910 in
501 1865 632 1910 illum
657 1864 845 1910 missilia
879 1863 1141 1920 destinant,
1174 1876 1221 1911 et
1250 1878 1432 1913 scutum

25 1941 287 2006 eJusjaculis
314 1941 679 1988 intolerabiliter
702 1952 927 1997 onerant,
959 1953 1005 1987 et
1028 1945 1272 2006 egregium
1303 1946 1433 1990 mili—

28 2027 114 2065 tem
132 2018 366 2065 lethaliter
382 2020 652 2065 vulnerant.
673 2019 842 2065 ¹Nullus
860 2031 1015 2065 tamen
1035 2021 1261 2084 quamdiu
1286 2024 1430 2080 stetit,

27 2105 70 2141 et
103 2114 314 2159 parmam
355 2098 532 2154 tenuit,
574 2097 630 2143 ad
663 2114 771 2143 eum
817 2097 1030 2144 cominus
1075 2099 1317 2156 accedere,
1359 2102 1429 2147 vel

29 2188 128 2220 eum
151 2191 258 2221 ense
282 2176 507 2239 impetere
526 2194 660 2221 ausus
674 2176 778 2221 fuit.
797 2175 1004 2221 Tandem
1027 2175 1277 2222 bellicosus
1295 2176 1433 2225 heros

29 2250 208 2314 spiculis
244 2255 482 2300 confossus
514 2270 663 2317 genua
696 2252 849 2309 flexit,
877 2263 923 2299 et
961 2264 1145 2299 scutum
1179 2255 1432 2302 missilibus

30 2327 162 2376 nimis
184 2341 424 2387 onustum,
459 2331 638 2376 viribus
662 2331 874 2386 effoetus,
901 2330 1103 2388 dimisit,
1131 2333 1431 2399 animamque

0 2415 1 2465 ᾗ
29 2421 151 2451 suam
169 2407 286 2464 Deo,
317 2419 582 2472 sanctaeque
599 2409 681 2454 Dei
701 2408 918 2471 genitrici
942 2408 1103 2454 Mariae
1125 2411 1433 2457 commenda-

28 2482 108 2528 vit.
129 2484 261 2531 Tunc
275 2502 437 2532 omnes
463 2487 506 2531 in
530 2487 663 2532 illum
686 2487 896 2540 irruunt,
917 2487 1026 2532 etin
1048 2498 1303 2550 conspectu
1320 2507 1432 2537 suo-

0 2579 1 2584 ¹
30 2576 130 2606 rum
147 2574 284 2625 caput
307 2564 400 2627 ejus
425 2563 699 2610 abscindunt
720 2601 732 2620 ,
763 2582 814 2609 ac
839 2582 977 2627 super
999 2565 1173 2610 malum
1195 2567 1325 2612 navis
1343 2586 1431 2631 pro

29 2635 156 2700 signo
194 2638 404 2686 victoriae
437 2641 743 2704 suspendunt..
779 2642 879 2687 Hoc
910 2642 1066 2704 plures
1099 2641 1156 2687 de
1191 2646 1432 2691 cacumine

28 2715 196 2761 montis
232 2734 338 2762 cum
369 2718 547 2782 ingenti
575 2718 685 2765 fletu
717 2730 763 2764 ct
795 2720 1019 2765 moestitia
1046 2719 1324 2777 cernebant,
1354 2723 1429 2768 sed

0 2805 3 2840 ι
30 2787 138 2837 hero
157 2811 239 2839 suo
255 2812 527 2842 succurrere
547 2815 639 2843 non
666 2797 891 2842 walebant.
918 2798 1096 2844 Deinde
1121 2802 1430 2860 comprovin-
