2085 3455
602 267 681 306 304
969 268 1215 306 HISTORIA
1244 268 1650 308 ECCLESIASTICA.
1877 278 2013 328 [1088]
2073 248 2075 278 i

600 355 735 402 color
753 356 877 402 visus
899 366 985 403 est.
1019 356 1139 402 Nam
1178 357 1227 403 in
1257 358 1446 403 sinistra
1478 369 1613 422 parte
1644 359 1802 406 vultus
1824 362 1942 425 ejus,
1971 377 2016 411 et
2073 399 2075 402 Α

598 432 741 479 totius
764 433 1002 496 corporis,
1024 450 1170 498 usque
1200 433 1257 480 ad
1290 434 1453 498 pedeS,
1478 436 1642 482 niveus
1672 436 1851 485 candor
1873 439 2015 503 adpa-

598 510 719 567 ruit,
753 521 999 576 totamque
1027 511 1273 558 dexteram
1295 524 1479 576 partem
1506 513 1757 576 plumbeus
1782 515 1904 562 livor
1923 517 2014 564 ob-
2075 550 2077 557 ,

600 589 741 645 texit,
785 599 832 634 et
868 589 1070 635 omnino
1108 587 1353 635 dexteram
1388 588 1717 648 medietatem,
1761 602 1814 637 ut
1851 592 2014 642 albedo
2075 621 2077 645 1

597 666 865 724 sinistram,
897 684 921 711 a
959 667 1134 712 vertice
1159 667 1324 731 capitis
1351 684 1497 732 usque
1535 667 1591 714 ad
1618 668 1756 732 pedes
1787 670 2011 719 obtinuit.
2075 682 2077 713 ἰ

597 744 848 790 Insolitum
867 744 1025 809 itaque
1048 743 1303 791 discrimen
1329 747 1568 809 conspecti
1590 747 1764 793 coloris
1784 758 2017 797 terrorem
2076 755 2077 758 ’

598 821 893 868 intuentibus
922 822 1140 879 incussit,
1166 833 1211 868 et
1237 824 1470 869 inusitatae
1496 824 1563 869 rei
1596 842 1780 871 causam
1805 825 2017 874 studiosis
2075 816 2077 846 {

598 897 961 963 inquisitoribus
985 899 1043 945 ad
1068 899 1429 962 exprimendam
1453 900 1764 949 subtilitatem
1784 904 2019 967 perspica-
2076 937 2077 941 =

598 976 751 1022 citatis
782 993 877 1022 suae
910 975 1119 1041 ingessit.
1159 976 1274 1023 Inde
1309 976 1482 1024 diversi
1507 978 1689 1025 diversa
1725 979 1903 1027 dixere.
1932 981 2018 1028 Sed
2076 968 2078 1020 i

599 1070 697 1099 non
734 1063 803 1099 est
840 1064 1060 1100 nostrum
1098 1053 1207 1101 huic
1241 1054 1546 1120 breviloquio
1577 1058 1761 1121 singula
1785 1058 2014 1116 inserere,
2076 1082 2078 1103 a

597 1147 706 1194 quae
730 1130 1064 1194 multipliciter
1086 1131 1360 1196 eloquentes
1379 1149 1436 1178 ex
1457 1132 1746 1180 abundantia
1771 1151 1931 1181 sensus
1953 1137 2017 1181 sui

598 1209 862 1271 protulere.
890 1208 1094 1268 Quidam
1116 1209 1310 1274 quidem
1328 1210 1497 1257 laevam
1522 1223 1574 1267 et¹
1591 1211 1835 1259 dexteram
1856 1212 1914 1259 ad
1942 1231 2021 1260 ac-

599 1286 776 1332 tualem
800 1297 847 1332 et
870 1287 1313 1351 contemplativam,
1340 1289 1417 1335 vel
1444 1301 1727 1353 praesentem
1750 1302 1797 1337 et
1815 1292 2022 1338 futuram
2076 1316 2079 1337 :

598 1364 746 1410 vitam
770 1365 1072 1428 interpretati
1093 1377 1218 1412 sunt.
1248 1366 1343 1412 Alii
1368 1384 1484 1414 vero
1503 1368 1775 1433 prodigium
1796 1368 1886 1416 hoc
1905 1387 2022 1433 prae-
2077 1396 2079 1402 ν

599 1443 781 1506 sagium
803 1443 904 1489 fore
928 1444 1201 1491 futurorum
1227 1446 1408 1508 opinati
1430 1457 1557 1492 sunt.

666 1520 976 1567 Venerabiles
1012 1521 1227 1585 discipuli
1267 1522 1458 1587 glebam
1497 1524 1706 1588 religiosi
1739 1524 1951 1571 doctoris
1975 1525 2021 1570 in
2076 1539 2079 1566 ³

602 1599 811 1662 capitulo
851 1616 935 1646 suo
976 1610 1254 1646 reverenter
1289 1601 1604 1663 sepelierunt,
1652 1612 1698 1648 et
1733 1602 1781 1647 in
1825 1600 2023 1648 candido
2076 1585 2080 1671 ,ἰ

602 1676 783 1741 lapide,
824 1677 906 1741 qui
942 1676 1211 1741 subpositus
1247 1689 1342 1737 est,
1383 1678 1680 1743 epitaphium
1712 1679 1802 1727 hoc
1829 1679 2023 1726 addide-
2076 1678 2080 1719 ἕ

601 1764 735 1800 runt.

741 1857 820 1891 Hac
837 1857 976 1904 tegitur
994 1856 1121 1891 tumba
1138 1857 1257 1891 bonus
1274 1863 1310 1891 et
1329 1856 1545 1891 venerabilis
1562 1857 1673 1892 abba.

789 1916 1006 1960 Durandus,
1030 1917 1145 1951 nostri
1170 1929 1299 1951 norma
1320 1918 1548 1952 monasterii.

740 1975 798 2010 Ad
816 1976 967 2010 Domini
986 1975 1131 2010 laudem
1143 2004 1151 2019 ,
1172 1983 1387 2023 praesentem
1403 1976 1570 2011 condidit
1586 1976 1716 2019 aedem,

790 2036 873 2081 Qua
890 2035 959 2070 sibi
978 2036 1182 2083 propitium
1201 2036 1385 2072 credimus
1402 2049 1477 2072 esse
1497 2038 1629 2071 Deum,

742 2095 838 2130 Luce
858 2095 925 2129 sub
944 2095 1089 2130 undena
1107 2096 1245 2139 februi,
1268 2096 1449 2131 resolutus
1466 2097 1611 2131 habena

789 2156 936 2199 CarniS,
959 2155 1004 2189 ad
1022 2155 1237 2203 Angelicam
1257 2156 1434 2204 dirigitur
1451 2157 1621 2204 patriam.

601 2249 797 2313 Sepulto
813 2260 1019 2312 pastore,
1035 2250 1349 2296 Troarnensis
1363 2267 1479 2314 grex
1498 2249 1773 2305 Armflsum,
1795 2249 2021 2313 Sagiensis

601 2328 876 2374 monasterii
901 2328 1133 2391 priorem,
1161 2328 1319 2393 eligit,
1346 2346 1398 2374 ac
1418 2339 1470 2373 nt
1488 2327 1574 2373 sibi
1594 2336 1974 2391 praeponeretur,
1997 2343 2019 2371 a
2077 2323 2079 2352 {

603 2405 869 2452 rectoribus
899 2406 1247 2463 ecclesiasticis,
1275 2424 1327 2452 ac
1352 2405 1649 2470 principibus
1682 2405 1775 2450 suis
1808 2403 2016 2467 expetiit.
2078 2430 2079 2433 =

603 2483 701 2528 Illis
725 2493 882 2528 autem
908 2482 1377 2546 congratulantibus,
1405 2493 1452 2529 et
1475 2481 1683 2528 libenter
1702 2481 1831 2546 quod
1852 2491 2022 2545 postu-
2077 2479 2079 2510 ¹

603 2559 768 2607 labant
791 2560 1135 2617 annuentibus,
1165 2560 1393 2607 Arnulsus
1412 2561 1787 2607 Troarnensium
1812 2560 2022 2625 regimen
2077 2579 2079 2613 ς

603 2638 831 2701 suscepit,
866 2636 995 2701 quod
1027 2638 1124 2684 sere
1146 2655 1248 2685 xxu
1279 2638 1415 2684 annis
1447 2637 1647 2684 solerter
1672 2636 1825 2683 tenuit
1850 2637 1948 2699 (ι),
1977 2644 2020 2680 et
2076 2632 2078 2639 '

652 2788 939 2832 (1)1088-1112.
