2033 3445
66 302 222 349 [xxv1110
242 311 342 334 mun
369 299 488 346 1098]
589 297 743 336 LIBER
772 298 954 338 NONUS.
1401 302 1480 339 557

66 385 211 438 riam,
257 381 314 428 de
350 382 470 428 urbe
504 383 689 429 exirent
723 385 821 447 (1),
858 395 903 430 et
927 384 1170 431 clementis
1205 386 1288 431 Dei
1320 387 1479 433 efficax

66 459 290 507 auxilium
314 457 586 504 medullitus
613 460 952 523 implorarent,
979 461 1212 523 pluviola,
1252 474 1476 526 tauquam

65 534 243 583 roscida
263 534 386 581 stilla
400 571 412 592 ,
433 534 658 581 divinitus
676 536 867 593 cecidit;
888 554 1018 601 quae,
1041 538 1170 601 quasi
1192 555 1268 585 ros
1287 540 1478 585 matuti-

66 632 150 660 nus
164 649 177 670 ,
215 613 442 658 irroratos
467 629 612 676 equos
635 623 681 659 et
704 614 883 677 equites
907 613 1180 660 laetificavit.
1209 614 1345 661 Unde
1368 617 1475 680 equi

63 692 192 738 velut
215 688 464 736 exhilarati
490 689 680 736 hinnire
705 702 985 754 coeperunt,
1009 701 1056 736 et
1086 692 1300 755 equitum
1332 693 1476 738 animi

63 768 312 815 dulciorati
347 767 610 831 vegetior-es
634 768 966 815 et'alacriores
989 770 1208 825 suerunt,
1234 780 1281 815 et
1313 787 1477 816 omnes

62 847 234 910 seipsos
257 845 577 909 promptiores
597 856 644 891 et
675 844 987 910 expeditiores
1011 858 1278 894 senserunt.
1313 847 1474 894 Pluvia

64 935 219 970 tamen
239 923 317 969 illa
342 933 437 969 tam
458 922 643 970 subtilis
674 934 721 969 et
744 923 929 970 modica
950 925 1059 980 fuit,
1084 935 1135 970 ut
1157 925 1234 970 vix
1264 925 1474 988 pluviam

61 1019 163 1048 eam
188 1000 419 1057 dixerint,
443 1000 522 1046 sed
545 999 771 1064 quasdam
791 1002 997 1064 guttulas
1019 1012 1234 1049 rorantes
1252 1002 1356 1065 plus
1374 1019 1475 1049 seu-

61 1079 208 1126 serint
232 1096 375 1143 quam
401 1077 626 1125 viderint.
654 1079 755 1125 Hoc
780 1096 951 1143 nempe
974 1098 998 1125 a
1023 1079 1183 1126 multis
1206 1078 1474 1142 probabili-

60 1157 147 1203 bus
165 1157 305 1212 viris,
328 1157 409 1220 qui
436 1157 780 1212 interfuerunt,
806 1158 1009 1203 relatum
1033 1168 1117 1204 est.

124 1233 488 1290 curbarannus,
524 1232 581 1280 ad
611 1234 792 1280 bellum
816 1234 1124 1298 procedentes
1151 1245 1203 1280 ut
1227 1235 1343 1281 vidit
1370 1236 1468 1298 (2),

59 1310 210 1357 dixit:
250 1311 367 1357 Plus
393 1310 464 1357 ad
484 1309 674 1375 jugam
716 1311 763 1357 Izi
788 1323 1081 1376 properant,
1118 1329 1262 1375 quam
1290 1312 1358 1358 ad
1378 1331 1473 1376 plc—

57 1405 224 1452 gnam.
255 1387 410 1432 Sinite
444 1404 523 1433 eos
547 1387 639 1433 hue
666 1405 811 1452 usque
835 1388 1090 1445 accedere,
1126 1399 1174 1433 ut
1211 1388 1355 1434 libere
1384 1389 1472 1433 de-

57 1465 324 1529 glutiamus
353 1482 429 1510 eos
466 1467 514 1509 in
543 1476 704 1510 nostra
730 1476 980 1528 potestate.
1016 1466 1238 1521 Exeant,
1271 1468 1472 1511 exeant!

58 1543 160 1589 Nos
194 1543 320 1588 enim
350 1560 426 1588 eos
460 1544 620 1588 statim
653 1544 1077 1605 circumcingemus
1111 1555 1154 1588 et
1175 1543 1471 1608 praevalebi-

59 1636 164 1665 mus
183 1629 227 1664 et
248 1617 619 1681 suffocabimus.
641 1618 895 1663 Christiani
916 1635 1031 1664 vero
1051 1619 1284 1682 gradatim
1311 1618 1467 1675 ibant,

60 1712 146 1742 nec
166 1695 283 1741 alius
307 1695 451 1740 alium
476 1694 744 1741 inordinate
766 1695 1172 1759 praeproperabat.
1197 1696 1471 1742 Cui-baran-

61 1789 147 1819 nus
171 1783 352 1828 autem,
378 1783 629 1836 postquam
652 1772 770 1818 vidit
793 1789 869 1818 eos
886 1773 1109 1819 decenter
1131 1775 1179 1819 in
1200 1775 1342 1820 armis
1365 1792 1472 1837 pro-

60 1850 247 1906 cedere,
283 1866 370 1895 nec
400 1867 624 1914 usquam,
658 1867 740 1896 ceu
770 1849 1124 1908 formidolosos,
1151 1850 1363 1909 deviare,
1393 1851 1471 1898 sed

59 1945 221 1991 gressu
257 1938 495 1974 maturato
530 1927 812 1990 procedere,
844 1928 1016 1973 iterum
1046 1946 1141 1974 non
1168 1929 1359 1974 erubuit
1395 1929 1471 1975 di-

60 2022 166 2052 cere
194 2025 204 2051 :
232 2006 347 2052 Istoe
367 2005 742 2068 contemptibiles
767 2004 1007 2051 eam'cztlce
1030 2005 1091 2051 de
1124 2004 1471 2068 bellojorsitczn

61 2083 309 2130 audebunt
327 2081 655 2147 praesumere?
678 2083 812 2128 Tunc
829 2093 959 2127 metu
980 2082 1178 2146 diriguit
1192 2119 1203 2140 ,
1227 2093 1273 2128 et
1290 2079 1471 2129 viribus

61 2161 275 2225 corporis
287 2161 468 2214 solutis,
490 2159 844 2222 animo'sriguit.
861 2159 993 2205 Clam
1009 2160 1154 2222 igitur
1172 2161 1469 2223 procuratori

61 2255 167 2295 suo,
188 2254 330 2301 quem
351 2236 669 2283 Admiralium
692 2247 887 2292 vocant,
912 2236 1153 2282 mandavit
1175 2248 1225 2283 ut
1240 2274 1252 2293 ,
1279 2239 1314 2282 si
1336 2238 1382 2283 in
1402 2256 1473 2284 ca-

61 2315 158 2378 pite
181 2315 412 2361 exercitus
444 2314 511 2359 sui
536 2315 695 2378 ignem
719 2330 968 2359 accensum
991 2314 1221 2378 fumigare
1244 2315 1314 2377 (5)
1338 2314 1472 2360 vide-

979 2412 1455 2420 ———————-———-———-—-—⁴——-r

108 2464 156 2509 (ι)
176 2464 223 2498 La
240 2471 345 2510 porte
364 2462 414 2496 du
433 2468 537 2508 pont.
560 2462 606 2495 Le
626 2460 806 2507 principal
824 2460 929 2495 effort
950 2460 994 2495 de
1018 2461 1050 2495 la
1072 2461 1218 2496 bataille
1236 2469 1300 2496 eut
1318 2462 1390 2496 lieu
1412 2475 1473 2497 sur

62 2521 94 2555 la
119 2523 192 2556 rive
216 2521 335 2556 droitc
360 2521 405 2555 de
428 2520 616 2561 l’Oronte,
641 2525 744 2554 entre
766 2519 799 2553 le
824 2519 938 2554 fleuve
960 2526 996 2554 ct
1016 2519 1067 2554 les
1089 2527 1302 2567 montagnes
1328 2521 1469 2555 Noircs.

63 2581 231 2628 Kerbogfi
248 2588 343 2615 resta
362 2581 407 2615 (le
425 2593 461 2615 sa
478 2591 657 2627 personne
676 2591 738 2613 sur
757 2578 790 2612 la
808 2579 882 2613 rive
902 2579 1054 2626 gauche.

110 2640 158 2685 (2)
187 2641 233 2674 La
252 2640 399 2686 plupart
425 2639 488 2673 des
511 2636 708 2672 historiens
734 2636 915 2671 affirment
932 2649 1002 2685 que
1028 2649 1067 2672 ce
1092 2636 1237 2683 general
1263 2637 1382 2683 jouait
1407 2650 1474 2672 aux

64 2699 209 2742 kelmes,
238 2699 362 2746 quand
389 2712 435 2734 on
463 2699 541 2733 vint
564 2697 614 2731 lui
641 2696 846 2743 appreudre
872 2696 923 2731 les
949 2696 1126 2743 premiers
1153 2704 1401 2731 niouvements
1430 2697 1474 2730 dc

63 2756 208 2793 l’armee
228 2759 453 2793 chrctienne.

112 2816 161 2862 (3)
191 2818 374 2853 Raimond
403 2817 562 2863 ‹I‘Agilm
593 2823 627 2851 ct
661 2815 872 2850 Guillaume
898 2815 942 2849 ‹le
972 2816 1048 2861 Tyr
1079 2814 1271 2861 indiqueut
1298 2826 1347 2847 un
1372 2814 1479 2847 motiiv
