2085 3455
597 305 672 343 474
965 307 1206 345 HISTORIA
1238 308 1640 347 ECCLESIASTICA.
1864 312 2002 361 [1096]

596 402 725 448 tunc,
746 402 798 437 ut
812 403 1123 455 praetaxatum
1136 405 1221 451 est,
1242 393 1544 440 deffinierunt
1558 404 1605 439 et
1618 409 1738 457 pene
1754 393 1884 439 irrita
1904 395 2003 440 sue-

595 481 726 515 runt.
753 470 871 516 Erat
904 472 1031 517 enim
1056 488 1113 518 co
1144 483 1358 535 tempore
1383 472 1499 517 mira
1536 470 1701 518 seditio
1725 470 1851 516 inter
1873 472 2003 534 opti-

594 557 739 594 mates
777 547 1113 603 Normanniae‚
1153 560 1199 595 et
1232 549 1418 595 discolis
1456 564 1542 612 per
1578 558 1724 595 totam
1763 548 2003 611 regionem

595 625 785 688 grandis
820 637 1012 673 conatus
1048 639 1095 673 et
1129 628 1393 674 violentum
1428 628 1492 672 sas
1527 625 1671 671 furari
1712 641 1789 671 seu
1820 641 2001 687 rapere.

594 702 811 749 Incendia
839 715 885 749 et
910 705 1088 767 rapinae
1124 715 1270 750 totam
1296 705 1500 768 patriam
1523 703 1899 749 devastaverunt.
1926 703 2007 748 In-

593 779 875 843 digenarum
898 783 1274 845 quamplurimos
1306 784 1352 828 in
1386 782 1579 828 exilium
1607 790 1934 834 extruserunt,
1963 791 2008 826 et

595 857 856 920 parrochiis
875 857 1146 916 destructiS,
1172 860 1384 906 ecclesias
1405 857 1663 923 presbyteri
1689 856 1911 920 fugiendo
1934 855 2007 902 de-

593 935 762 981 solatas
780 935 1108 983 deseruerunt.

659 1011 894 1060 Indomita
932 1031 1046 1078 gens
1075 1014 1469 1061 Normannorum
1505 1024 1595 1070 est,
1629 1024 1699 1071 et,
1738 1013 1824 1058 nisi
1856 1010 2009 1077 rigido

596 1101 782 1137 rectore
817 1104 1108 1149 coerceatur,
1152 1092 1208 1139 ad
1242 1094 1420 1140 facinus
1453 1092 1808 1155 promptissima
1843 1101 1927 1136 est.
1957 1092 2006 1136 In

596 1167 817 1213 omnibus
854 1168 1083 1232 collegiis,
1111 1169 1399 1234 ubicumque
1423 1169 1625 1223 suerint,
1652 1167 1885 1213 dominari
1924 1184 2008 1229 ap-

596 1254 791 1306 petunt,
830 1256 876 1290 et
909 1247 1120 1292 veritatis
1150 1246 1351 1311 fideique
1377 1257 1594 1294 tenorem
1620 1245 2007 1308 praevaricantes,

596 1321 870 1369 ambitionis
894 1334 1036 1381 aestu,
1063 1325 1304 1371 multoties
1330 1325 1482 1371 effecti
1508 1334 1633 1369 sunt.
1654 1324 1754 1369 Hoc
1777 1322 1945 1368 Franci
1966 1332 2011 1367 et

597 1400 815 1446 Britones
843 1411 983 1465 atque
1018 1401 1351 1459 Flandrenses,
1379 1402 1552 1464 aliique
1577 1399 1884 1447 collimitanei
1905 1414 2012 1444 cre·-

598 1475 688 1523 bro
718 1490 989 1532 senserunt,
1014 1479 1103 1526 hoc
1128 1480 1230 1525 Itali
1256 1490 1302 1526 et
1320 1479 1498 1526 Guinili
1516 1515 1526 1534 ,
1547 1478 1847 1542 Saxonesque
1867 1475 2008 1540 Angli

598 1571 745 1617 usque
766 1554 824 1600 ad
851 1556 1228 1604 internecionem
1251 1557 1432 1620 experti
1458 1567 1584 1602 sunt.

664 1631 731 1676 De
761 1632 905 1678 feroci
930 1643 1069 1696 gente
1091 1632 1370 1696 Scytharum
1403 1632 1539 1696 origo
1571 1632 1915 1687 Troianorum,
1944 1630 2010 1675 uti

599 1709 822 1767 refertur,
843 1711 1089 1772 processit;
1114 1709 1286 1774 quibus
1303 1710 1348 1755 in
1368 1708 1605 1756 excidium
1623 1708 1838 1765 redactis,
1859 1707 2014 1771 Phry-

599 1785 700 1849 gius
722 1785 944 1833 Antenor
967 1789 1179 1850 Illyricos
1203 1787 1317 1834 fines
1340 1787 1627 1850 penetravit,
1650 1797 1697 1832 et
1721 1804 1828 1833 cum
1850 1786 2016 1832 vicinis

600 1864 900 1910 exulantibus
918 1864 999 1911 diu
1017 1866 1253 1930 longeque
1276 1865 1434 1912 locum
1458 1863 1761 1911 habitationis
1779 1863 2011 1927 quaesivit.

601 1942 817 2006 Denique
848 1961 987 2006 supra
1026 1944 1158 1990 littus
1190 1943 1360 1990 Oceani
1396 1943 1562 1999 maris,
1590 1942 1640 1988 in
1674 1941 1854 1988 boreali
1878 1941 2012 2005 plaga

603 2019 839 2078 consedit3
861 2032 908 2066 et
922 2020 1029 2078 sibi,
1048 2022 1277 2086 sociisque
1295 2018 1605 2067 etheredibus
1619 2019 1711 2065 suis
1727 2019 2013 2065 maritimam

603 2099 848 2162 regionem
874 2099 1098 2157 incoluit,
1128 2110 1174 2146 et
1207 2118 1231 2145 a
1255 2100 1417 2156 Dano,
1451 2097 1550 2144 filio
1574 2098 1695 2161 ejus,
1722 2112 1834 2161 gens
1861 2095 1963 2154 illa,
1990 2110 2015 2141 e

604 2175 822 2221 Troianis
841 2186 965 2233 orta,
984 2177 1231 2224 Danorum
1251 2192 1425 2223 nomen
1443 2174 1639 2238 accepit.
1655 2175 1768 2220 Haec
1782 2189 1895 2237 gens
1914 2189 2016 2218 cru-

605 2253 721 2299 delis
759 2271 944 2318 semper
983 2266 1030 2301 et
1067 2255 1290 2302 bellicosa
1335 2255 1446 2311 fuit,
1489 2264 1536 2299 et
1573 2251 1851 2299 fortissimos
1886 2266 2016 2315 reges

606 2331 797 2389 habuit3
837 2332 915 2379 sed
958 2333 1099 2380 fidem
1138 2333 1311 2380 Christi
1343 2333 1422 2378 vix
1460 2348 1565 2378 sero
1601 2331 1811 2394 recipere
1846 2330 2013 2376 voluit.

607 2409 766 2465 Rollo,
779 2409 874 2455 dux
885 2412 1156 2468 acerrimus,
1168 2429 1275 2458 cum
1287 2410 1324 2456 N
1333 2410 1579 2457 ormannis
1593 2408 1702 2455 inde
1712 2424 1857 2473 genus
1866 2406 2017 2463 duxit,

606 2487 685 2551 qui
722 2487 903 2551 primus
940 2490 1209 2536 Neustriam
1244 2487 1331 2534 sibi
1369 2487 1660 2553 subjugavit,
1698 2502 1805 2550 quae
1838 2502 1966 2531 nunc
1995 2501 2018 2530 a

606 2564 897 2612 Normannis
922 2567 1232 2614 Normanniae
1255 2583 1432 2613 nomen
1458 2564 1684 2612 obtinuit.
1713 2561 1869 2609 North
1893 2562 2019 2608 enim

609 2642 791 2705 anglice
827 2643 1033 2707 Aquilo,
1066 2662 1176 2690 man
1198 2660 1313 2690 vero
1335 2642 1510 2689 dicitur
1533 2641 1691 2687 homo.
1717 2639 2019 2685 Normannus

612 2720 755 2783 igitur
778 2721 1090 2785 Aquilonatis
1132 2722 1269 2768 homo
1308 2722 1664 2784 interpretatur,
1705 2719 1839 2781 cujux
1874 2715 2019 2762 audax

609 2799 850 2845 austeritas
871 2799 1079 2846 delicatis
1103 2800 1337 2856 affinibus,
1367 2810 1415 2845 ut
1441 2797 1619 2861 gelidus
1648 2796 1823 2858 Aquilo
1849 2793 2022 2841 teneris
