2085 3455
610 294 689 332 246
979 292 1221 330 HISTORIA
1253 291 1654 329 ECCLESIAS'HCA.
1881 294 2019 344 [1087]

612 381 913 428 contristatus
947 389 1031 424 est.
1069 379 1327 425 Herluinus
1361 379 1536 443 quippe
1572 377 1629 423 (16
1663 377 1925 423 contavilla
1956 379 2024 441 (ι)

613 459 889 514 Herlevam,
916 455 1147 503 liodberti
1171 456 1301 503 ducis
1322 455 1659 511 concubinam,
1685 455 1733 500 in
1757 455 2026 518 conjugium

613 547 881 600 acceperat,
908 552 962 581 ex
984 552 1075 599 qua
1096 534 1213 580 duos
1239 535 1360 581 {ilios
1384 555 1394 580 :
1418 533 1632 580 Gdonem
1660 543 1707 579 et
1733 531 2027 580 Rodbertum

613 624 857 678 genuerat.
892 612 1173 659 Guillelmus
1201 624 1358 659 autem
1388 612 1484 658 dux
1515 622 1561 657 et
1588 621 1745 674 postea
1779 627 1861 658 rex
1890 611 2028 657 vitri-

613 710 722 738 cum
745 709 881 737 suum
907 691 1090 754 magnis
1116 701 1162 736 et
1189 691 1350 736 multis
1374 688 1637 736 honoribus
1662 689 1711 734 in
1738 688 2027 735 Normannia

614 781 659 816 et
681 770 851 834 Anglia
876 768 1130 826 ditaverat,
1154 779 1199 814 et
1216 767 1336 814 filios
1355 770 1451 832 ejus
1475 788 1485 813 :
1513 766 1790 823 Radulsum,
1817 782 1957 831 quem
1976 767 2031 814 de

615 847 705 893 alia
725 848 924 911 conjuge
941 857 1272 909 procreaverat
1288 846 1378 908 (9.),
1398 847 1659 909 fratresque
1674 861 1779 890 suos
1794 845 2027 890 uterinos:

618 922 834 969 Odonem
855 933 902 969 et
920 921 1222 969 Rodbertum
1237 958 1249 979 ‚
1272 922 1488 968 maximis
1507 920 1874 984 possessionibus
1893 920 2033 967 subli-

617 1011 845 1046 maverat.
897 999 1018 1045 Nam
1063 1010 1314 1063 postquam
1361 999 1672 1046 Guillelmum
1717 1009 2035 1062 cognomento

617 1076 963 1139 WVeflengum,
992 1075 1225 1122 Moritolii
1252 1076 1500 1130 comitem,
1534 1075 1686 1121 filium
1710 1075 1923 1139 Malgerii
1950 1092 2035 1121 co—

616 1153 770 1210 mitis,
804 1169 895 1215 pro
922 1152 1132 1197 minimis
1160 1152 1483 1199 occasionibus
1506 1152 1563 1198 de
1591 1152 1807 1198 Neustria
1833 1152 2036 1215 propul-

618 1241 800 1277 saverat
820 1230 910 1293 (ὅ),
930 1229 1194 1288 Rodberto‚
1221 1230 1439 1276 Hel-huni
1464 1230 1581 1287 filio,
1601 1231 1737 1276 fratri
1758 1246 1861 1285 suo,
1885 1229 2035 1276 comi-

620 1319 771 1354 tatum
813 1307 1047 1354 Moritolii
1085 1307 1293 1354 dederat.
1337 1309 1570 1354 Defuncto
1605 1323 1795 1373 quoque
1839 1307 2038 1371 Hugone

620 1386 861 1450 Bajocensi
888 1386 1131 1448 episcopo,
1160 1385 1347 1432 Radulfi
1374 1385 1577 1433 consulis
1601 1388 1669 1448 (4)
1699 1385 1822 1442 filio,
1850 1384 2042 1448 praedic-

622 1474 725 1509 tum
751 1464 1058 1526 praesulatum
1085 1475 1376 1509 concesserat
1406 1463 1559 1510 Odoni
1590 1463 1724 1508 fratri
1760 1479 1867 1520 suo,
1903 1479 2042 1527 quem

624 1540 927 1605 postmodum
953 1542 1000 1587 in
1023 1540 1195 1604 Anglia
1220 1542 1480 1605 praeposuit
1503 1541 1681 1587 Cantiae
1706 1558 1872 1605 regno.
1899 1540 2044 1586 Deni-

626 1636 717 1683 que
761 1619 885 1665 hunc
927 1637 1017 1682 pro
1058 1620 1303 1665 nimietate
1345 1637 1454 1675 sua,
1501 1630 1553 1665 ut
1590 1620 1802 1683 superius
1841 1619 2045 1682 pleniter

627 1696 830 1741 relatum
853 1706 946 1752 est,
976 1711 1061 1741 rex
1079 1695 1361 1741 Guillelmus
1387 1697 1434 1742 in
1461 1696 1610 1741 insula
1629 1695 1773 1742 Vecta
1800 1696 1870 1758 (5)
1897 1695 2042 1758 cepit,

628 1784 832 1838 quatuor
858 1774 992 1819 annis
1022 1774 1069 1818 in
1104 1790 1293 1819 carcere
1326 1775 1501 1829 tenuit,
1538 1790 1625 1820 nec
1654 1774 1796 1819 etiam
1820 1772 1868 1818 in
1891 1782 2046 1819 morte

674 1924 725 1968 (1)
750 1921 1150 1965 Conteville-sur-mer,
1178 1923 1260 1968 pres
1285 1921 1562 1956 l'embouchure
1581 1921 1625 1956 de
1644 1921 1677 1956 la
1695 1921 1795 1956 Risle
1813 1921 1963 1966 (Eure).
1984 1920 2046 1954 Les

630 1980 819 2015 domaines
845 1980 1039 2014 d⁷Herluin
1065 1980 1153 2013 dans
1170 1993 1209 2014 ce
1229 1981 1393 2027 quartier
1410 1980 1612 2014 formerent
1627 1992 1667 2014 ce
1685 1979 1749 2027 qui
1767 1979 1824 2014 fut
1841 1978 1969 2026 appele
1985 1977 2047 2012 de·-

630 2041 713 2087 puis
728 2040 934 2075 l’Honneur
951 2039 996 2074 de
1019 2032 1418 2086 Sainte-Mere-Eglise‚
1441 2040 1491 2074 du
1508 2051 1594 2074 nom
1609 2039 1717 2074 d'une
1732 2040 1846 2086 petite
1859 2048 2049 2073 commune

630 2100 695 2146 qui
711 2106 764 2133 est
778 2098 940 2133 devenue
955 2099 1287 2145 posterieurement
1302 2097 1929 2139 Notre-Dalne-du-Yal-sur-Mer3
1950 2095 2046 2143 puis,

632 2160 736 2206 apres
757 2170 792 2193 sa
811 2158 967 2193 reunion
987 2170 1070 2192 avec
1088 2158 1566 2202 Saint—Piei‘rc-du-Chatel‚
1588 2165 1693 2192 autre
1710 2157 1900 2204 propriete
1916 2155 2047 2190 d’Her-

631 2218 711 2253 luin
722 2245 731 2262 ‚
753 2217 1247 2252 Noti-e-Dame-‹lu-Chatel.

680 2279 730 2323 (2)
749 2278 847 2313 C³est
860 2277 893 2311 la
909 2277 1007 2312 seule
1025 2279 1190 2312 mention
1208 2278 1253 2312 de
1271 2291 1310 2313 ce
1330 2279 1383 2313 fils
1399 2280 1479 2313 aine
1496 2277 1690 2312 d³Herluin
1704 2275 1748 2310 de
1764 2273 1965 2310 Conteville
1981 2285 2049 2321 que

635 2350 726 2373 nous
745 2337 1000 2372 rencontrions
1018 2337 1107 2372 dans
1125 2338 1315 2372 l’histoire.

682 2397 732 2443 (3)
752 2398 875 2444 Voyez
894 2397 983 2432 dans
999 2398 1213 2432 Guillaume
1231 2398 1277 2433 de
1295 2399 1501 2444 Jumie'ges,
1528 2397 1552 2430 l.
1578 2409 1643 2439 vn,
1665 2397 1724 2430 ch.
1751 2408 1809 2443 19,
1830 2395 1864 2430 le
1882 2394 1974 2429 recit
1990 2392 2051 2427 des

636 2459 902 2492 circonstances
927 2458 990 2504 qui
1019 2457 1126 2492 fisent
1151 2458 1282 2504 perdre
1309 2461 1328 2492 a
1357 2457 1569 2493 Guillauine
1595 2456 1771 2490 NYerlenc
1800 2455 1832 2489 le
1860 2455 1979 2488 comte
2006 2451 2048 2486 de

636 2517 808 2552 Mortain.

684 2577 734 2623 (4)
756 2577 872 2611 Raoul
886 2605 893 2615 ,
915 2584 1033 2610 comte
1051 2576 1171 2610 d’Ivri.
1193 2578 1243 2612 Ce
1262 2577 1316 2611 sut
1333 2590 1378 2611 en
1396 2580 1482 2623 1049
1500 2588 1570 2623 que
1585 2575 1797 2610 Guillaume
1814 2574 1934 2609 donna
1951 2575 1971 2607 ἐι
1987 2583 2048 2606 son

638 2639 734 2672 frere
753 2636 838 2672 Odo
855 2636 1014 2671 Pei-eche
1032 2636 1076 2670 de
1096 2637 1257 2683 Bayeux,
1277 2644 1402 2672 vacant
1420 2649 1484 2683 par
1503 2636 1533 2670 la
1553 2643 1649 2670 mort
1668 2636 1713 2670 de
1731 2636 1866 2681 Hugue
1882 2633 2003 2668 d'Ivri.

685 2698 734 2743 (5)
758 2697 843 2731 [ile
864 2696 908 2731 de
928 2697 1074 2741 Wight.
1108 2697 1227 2732 Vovez
1259 2698 1453 2739 emessam,
1480 2710 1512 2743 p.
1551 2696 1625 2743 189,
1650 2696 1683 2731 16
1701 2696 1793 2730 Γρεἰῐ
1823 2695 1867 2729 (16
1894 2700 1950 2729 cet
1974 2693 2050 2728 eve-‚2

642 2764 800 2792 uenient.
