2033 3445
89 298 211 348 [JULIO
238 297 356 345 1098]
614 296 767 335 LIBER
795 296 975 334 NONUS.
1420 303 1481 339 57¹

88 383 260 428 milites
284 400 337 428 ac
361 382 557 446 pedites.
583 383 796 430 Collecto
830 384 975 447 igitur
1003 386 1234 442 exercitu,
1265 399 1496 451 quantum

25 519 29 524 .
86 460 269 522 potuit,
310 471 487 506 terram
524 460 897 507 Sarracenorum
936 460 1157 508 audacter
1192 464 1410 523 intravit,
1450 477 1496 512 et

86 536 210 583 ultra
243 537 355 583 duas
391 538 623 594 civitates,
651 537 708 583 ad
739 536 978 601 quoddam
1011 549 1216 585 castrum
1241 541 1492 603 Syrorum,

86 614 159 660 cui
202 631 375 661 nomen
415 615 683 660 Talamania
721 614 820 677 (1),
859 613 1066 661 devenit.
1099 616 1284 663 Suriani
1309 630 1490 677 autem,

85 691 372 738 habitatores
389 693 502 755 ejuS,
519 701 687 754 sponte
705 708 785 737 sua
807 691 1085 739 Christianis
1100 711 1146 740 se
1165 694 1491 755 reddiderunt,

85 766 244 831 ibique
262 767 431 813 Franci
451 768 546 812 sere
566 765 729 813 diebus
752 778 861 814 octo
885 769 1240 833 requieverunt.

148 841 326 888 Deinde
379 841 579 906 cingulis
628 842 914 890 militaribus
958 845 1182 903 accincti,
1223 848 1495 910 proximum

84 920 326 967 castellum
341 919 676 983 Agarenorum
693 922 896 985 aggressi
918 934 1044 979 sunt,
1068 935 1495 988 coangustaverunt

82 1008 129 1044 et
150 998 529 1061 praevaluerunt,
556 996 815 1061 depraedati
847 1010 956 1045 sunt
985 1010 1031 1045 et
1061 1001 1257 1047 colonos
1279 1018 1493 1065 pessum-

82 1074 332 1121 dederunt.
369 1075 415 1120 Si
453 1075 534 1139 qui
578 1085 735 1121 tamen
776 1075 834 1122 ad
880 1075 1021 1123 fidem
1068 1077 1240 1125 Christi
1279 1082 1491 1127 converti

81 1154 359 1211 voluerunt,
380 1153 550 1200 illaesos
572 1165 896 1200 servaverunt.
919 1155 1001 1200 His
1025 1156 1086 1201 ita
1105 1157 1329 1219 peracti&
1348 1159 1492 1221 gavisi

81 1241 214 1287 sunt,
242 1248 295 1277 ac
319 1229 376 1276 ad
399 1230 528 1293 prius
548 1230 790 1276 castellum
815 1231 990 1277 reversi
1026 1242 1152 1277 sunt.
1184 1233 1363 1280 Iterum
1391 1245 1492 1281 ter-

79 1308 142 1353 tia
165 1308 240 1354 die
262 1309 502 1364 exierunt,
525 1318 572 1354 et
596 1308 806 1354 Marram
831 1309 900 1371 (2)
927 1309 1188 1365 civitatem,
1214 1328 1318 1374 quae
1343 1329 1492 1376 prope

80 1386 186 1432 illos
219 1397 345 1442 erat,
386 1396 637 1432 venerunt.
676 1385 814 1432 Unde
851 1386 989 1431 multi
1032 1387 1252 1450 gentileS‚
1303 1390 1383 1452 qui
1433 1390 1492 1436 ab

81 1462 236 1527 Aleph
271 1474 318 1510 et
351 1464 452 1509 aliis
490 1463 770 1510 circumsitis
807 1462 1007 1509 urbibus
1046 1477 1402 1524 convenerunt,
1442 1468 1490 1513 in

80 1557 157 1587 eos
192 1540 249 1587 ad
283 1540 463 1588 bellum
495 1541 823 1605 prosilierunt.
860 1541 1057 1598 Franci,
1091 1553 1386 1605 pugnaturos
1416 1561 1493 1591 eos

79 1618 323 1677 arbitrati,
352 1635 398 1665 se
425 1617 482 1664 ad
507 1635 718 1682 pugnam
744 1633 880 1663 more
915 1619 1223 1664 castrensium
1259 1636 1494 1683 praepara-

77 1707 249 1742 verunt
279 1696 513 1753 militum,
547 1694 625 1741 sed
662 1694 834 1740 delusit
861 1712 938 1742 eos
968 1696 1205 1742 exinanita
1239 1714 1340 1761 spes
1377 1699 1491 1746 illo—-

77 1791 201 1820 rum.
238 1774 380 1821 Turci
420 1789 624 1837 namque
654 1789 843 1819 versum
879 1773 1118 1819 civitatem
1151 1784 1282 1820 caute
1315 1778 1490 1822 reversi

75 1863 208 1907 sunt,
245 1868 343 1897 non
376 1850 630 1914 fugientes,
672 1866 826 1913 neque
863 1850 1079 1896 cominus
1109 1863 1486 1915 propugnantes3

74 1928 152 1976 sed
183 1927 389 1993 quodam
425 1938 526 1974 astu
562 1944 734 1992 pugnae
776 1944 822 1973 se
857 1926 1194 1982 subducentes,
1234 1941 1280 1975 et
1317 1931 1487 1977 iterum

72 2006 278 2053 Francos
302 2005 442 2052 celeri
467 2015 598 2069 gestu
623 2005 982 2069 impugnante5‚
1008 2005 1295 2052 invadebant
1316 2024 1417 2064 eos,
1442 2019 1489 2055 et

78 2101 194 2148 gyro
226 2084 453 2131 facillimo
491 2082 856 2130 revertebantur
876 2103 888 2140 ;
931 2094 978 2129 et
1013 2101 1126 2130 mox
1167 2084 1347 2131 reducti
1379 2087 1487 2151 equi

76 2179 237 2208 rursus
257 2160 559 2208 indifficulter
579 2160 888 2225 gyrabantur.
913 2161 1083 2208 Franci
1103 2161 1368 2226 fi‘equentes
1386 2182 1488 2210 sus-

79 2237 295 2285 tinebant
327 2239 553 2302 impetus,
578 2255 665 2285 nec
689 2248 792 2284 tuto
823 2236 1033 2284 devitare
1063 2250 1284 2302 poterant
1308 2241 1487 2288 instan-

80 2317 197 2363 tium
228 2333 499 2364 concursus.
529 2316 575 2362 Si
600 2316 728 2362 enim
764 2314 983 2361 recedere
1018 2326 1335 2374 attentarent,
1376 2335 1488 2382 gen-

78 2393 180 2440 tiles
193 2411 217 2439 a
232 2404 383 2458 tergo,
398 2392 526 2458 quod
539 2392 708 2439 accidit
721 2402 900 2455 postea,
915 2391 1186 2439 cedentibus
1201 2395 1483 2442 insisterent.

77 2470 413 2518 Sustinuerunt
431 2487 546 2535 ergo
571 2486 716 2534 usque
735 2468 792 2515 ad
811 2485 1061 2533 vesperum
1086 2470 1300 2518 laborem
1318 2483 1365 2518 et
1388 2473 1485 2519 sitis

125 2623 175 2667 (ι)
193 2622 244 2656 Μ.
266 2621 460 2668 Poujoulat
476 2634 585 2669 pense
603 2634 674 2669 que
691 2628 786 2656 cette
804 2620 905 2667 place
922 2620 1041 2656 ‹levait
1057 2622 1134 2657 &tre
1151 2621 1238 2656 dans
1254 2622 1288 2657 le
1302 2623 1484 2669 voisinagc

81 2680 132 2715 (lu
157 2687 261 2716 mont
285 2682 465 2725 Amanus,
489 2689 526 2716 et
551 2693 622 2729 que
647 2687 740 2715 cette
764 2680 1011 2716 circonstance
1037 2687 1092 2716 est
1120 2680 1278 2728 signalee
1305 2680 1392 2715 dans
1419 2694 1481 2716 son

82 2752 166 2775 nom
178 2768 186 2783 ,
210 2740 299 2788 qu'il
315 2741 473 2776 faudrait
493 2742 608 2776 eei-ire
625 2756 631 2774 :
656 2740 918 2775 Tel-Amarda.

129 2801 181 2847 (2)
201 2801 365 2844 Marrah,
388 2808 490 2837 entre
510 2800 668 2836 Hamath
687 2806 722 2834 ct
740 2799 844 2845 Ales).
