<?xml version="1.0" encoding="UTF-8"?>
<!DOCTYPE html PUBLIC "-//W3C//DTD XHTML 1.0 Transitional//EN"
    "http://www.w3.org/TR/xhtml1/DTD/xhtml1-transitional.dtd">
<html xmlns="http://www.w3.org/1999/xhtml" xml:lang="en" lang="en">
 <head>
  <title>
</title>
<meta http-equiv="Content-Type" content="text/html;charset=utf-8" />
  <meta name='ocr-system' content='tesseract 3.04.00' />
  <meta name='ocr-capabilities' content='ocr_page ocr_carea ocr_par ocr_line ocrx_word'/>
</head>
<body>
  <div class='ocr_page' id='page_1' title='image "./ordericivitalish03ordeuoft/ordericivitalish03ordeuoft_0076.png"; bbox 0 0 2085 3455; ppageno 0'>
   <div class='ocr_carea' id='block_1_1' title="bbox 530 286 1937 339">
    <p class='ocr_par' dir='ltr' id='par_1_1' title="bbox 530 286 1937 339">
     <span class='ocr_line' id='line_1_1' title="bbox 530 286 1937 339; baseline 0.002 -15"><span class='ocrx_word' id='word_1_1' title='bbox 530 287 580 325; x_wconf 82' lang='lat'>54</span> <span class='ocrx_word' id='word_1_2' title='bbox 901 286 1141 325; x_wconf 86' lang='lat' dir='ltr'><strong>HISTORIA</strong></span> <span class='ocrx_word' id='word_1_3' title='bbox 1171 287 1572 326; x_wconf 87' lang='lat' dir='ltr'><strong>ECCLESIASTICA.</strong></span> <span class='ocrx_word' id='word_1_4' title='bbox 1705 291 1817 337; x_wconf 71' lang='lat' dir='ltr'><strong>[ANTE</strong></span> <span class='ocrx_word' id='word_1_5' title='bbox 1842 290 1937 339; x_wconf 84' lang='lat'>560]</span> 
     </span>
    </p>
   </div>
   <div class='ocr_carea' id='block_1_2' title="bbox 532 374 1965 2606">
    <p class='ocr_par' dir='ltr' id='par_1_2' title="bbox 532 374 1958 1893">
     <span class='ocr_line' id='line_1_2' title="bbox 534 374 1937 438; baseline 0 -18"><span class='ocrx_word' id='word_1_6' title='bbox 534 384 674 420; x_wconf 83' lang='lat' dir='ltr'>tustas</span> <span class='ocrx_word' id='word_1_7' title='bbox 705 385 952 421; x_wconf 87' lang='lat' dir='ltr'>memorat.</span> <span class='ocrx_word' id='word_1_8' title='bbox 992 374 1114 420; x_wconf 89' lang='lat' dir='ltr'>Nam</span> <span class='ocrx_word' id='word_1_9' title='bbox 1139 375 1374 438; x_wconf 77' lang='lat' dir='ltr'>geminam</span> <span class='ocrx_word' id='word_1_10' title='bbox 1400 375 1585 438; x_wconf 82' lang='lat' dir='ltr'>prolem</span> <span class='ocrx_word' id='word_1_11' title='bbox 1608 375 1813 438; x_wconf 86' lang='lat' dir='ltr'>potentis</span> <span class='ocrx_word' id='word_1_12' title='bbox 1838 375 1937 421; x_wconf 88' lang='lat' dir='ltr'>heri</span> 
     </span>
     <span class='ocr_line' id='line_1_3' title="bbox 532 450 1942 515; baseline -0.001 -18"><span class='ocrx_word' id='word_1_13' title='bbox 532 468 661 498; x_wconf 87' lang='lat' dir='ltr'>mors</span> <span class='ocrx_word' id='word_1_14' title='bbox 683 452 931 497; x_wconf 86' lang='lat' dir='ltr'>immatura</span> <span class='ocrx_word' id='word_1_15' title='bbox 956 452 1056 497; x_wconf 87' lang='lat' dir='ltr'>sine</span> <span class='ocrx_word' id='word_1_16' title='bbox 1069 450 1347 514; x_wconf 85' lang='lat' dir='ltr'>baptismate</span> <span class='ocrx_word' id='word_1_17' title='bbox 1366 462 1589 515; x_wconf 77' lang='lat' dir='ltr'>rapuerat</span> <span class='ocrx_word' id='word_1_18' title='bbox 1601 471 1613 509; x_wconf 82' lang='lat'>3</span> <span class='ocrx_word' id='word_1_19' title='bbox 1630 450 1754 498; x_wconf 86' lang='lat' dir='ltr'>unde</span> <span class='ocrx_word' id='word_1_20' title='bbox 1772 451 1942 497; x_wconf 85' lang='lat' dir='ltr'>nimius</span> 
     </span>
     <span class='ocr_line' id='line_1_4' title="bbox 533 528 1943 594; baseline -0.001 -19"><span class='ocrx_word' id='word_1_21' title='bbox 533 529 674 577; x_wconf 82' lang='lat' dir='ltr'>dolor</span> <span class='ocrx_word' id='word_1_22' title='bbox 692 540 920 594; x_wconf 86' lang='lat' dir='ltr'>utrosque</span> <span class='ocrx_word' id='word_1_23' title='bbox 936 539 1153 592; x_wconf 85' lang='lat' dir='ltr'>parentes</span> <span class='ocrx_word' id='word_1_24' title='bbox 1168 529 1416 575; x_wconf 84' lang='lat' dir='ltr'>invaserat.</span> <span class='ocrx_word' id='word_1_25' title='bbox 1440 529 1672 575; x_wconf 77' lang='lat' dir='ltr'>Martinus</span> <span class='ocrx_word' id='word_1_26' title='bbox 1691 539 1865 586; x_wconf 88' lang='lat' dir='ltr'>autem,</span> <span class='ocrx_word' id='word_1_27' title='bbox 1883 528 1943 574; x_wconf 82' lang='lat' dir='ltr'>ab</span> 
     </span>
     <span class='ocr_line' id='line_1_5' title="bbox 534 606 1944 672; baseline 0 -20"><span class='ocrx_word' id='word_1_28' title='bbox 534 608 704 672; x_wconf 79' lang='lat' dir='ltr'>Anglia</span> <span class='ocrx_word' id='word_1_29' title='bbox 731 625 969 663; x_wconf 83' lang='lat' dir='ltr'>reversus,</span> <span class='ocrx_word' id='word_1_30' title='bbox 996 607 1167 652; x_wconf 83' lang='lat' dir='ltr'>amicos</span> <span class='ocrx_word' id='word_1_31' title='bbox 1190 606 1402 669; x_wconf 80' lang='lat' dir='ltr'>lugentes</span> <span class='ocrx_word' id='word_1_32' title='bbox 1425 607 1631 662; x_wconf 85' lang='lat' dir='ltr'>invenit,</span> <span class='ocrx_word' id='word_1_33' title='bbox 1659 606 1944 653; x_wconf 83' lang='lat' dir='ltr'>consolatio—</span> 
     </span>
     <span class='ocr_line' id='line_1_6' title="bbox 536 683 1944 749; baseline -0.002 -18"><span class='ocrx_word' id='word_1_34' title='bbox 536 702 644 731; x_wconf 87' lang='lat' dir='ltr'>nem</span> <span class='ocrx_word' id='word_1_35' title='bbox 689 702 713 731; x_wconf 92' lang='lat' dir='ltr'>e</span> <span class='ocrx_word' id='word_1_36' title='bbox 747 685 875 732; x_wconf 86' lang='lat' dir='ltr'>coelo</span> <span class='ocrx_word' id='word_1_37' title='bbox 909 684 1150 749; x_wconf 72' lang='lat' dir='ltr'>quaesivit,</span> <span class='ocrx_word' id='word_1_38' title='bbox 1185 683 1366 728; x_wconf 82' lang='lat' dir='ltr'>meritis</span> <span class='ocrx_word' id='word_1_39' title='bbox 1400 694 1447 729; x_wconf 88' lang='lat' dir='ltr'>et</span> <span class='ocrx_word' id='word_1_40' title='bbox 1479 684 1695 747; x_wconf 77' lang='lat' dir='ltr'>precihus</span> <span class='ocrx_word' id='word_1_41' title='bbox 1731 684 1944 747; x_wconf 82' lang='lat' dir='ltr'>geminos</span> 
     </span>
     <span class='ocr_line' id='line_1_7' title="bbox 537 760 1945 825; baseline -0.001 -17"><span class='ocrx_word' id='word_1_42' title='bbox 537 763 644 808; x_wconf 85' lang='lat' dir='ltr'>vitae</span> <span class='ocrx_word' id='word_1_43' title='bbox 668 761 893 818; x_wconf 81' lang='lat' dir='ltr'>reddidit,</span> <span class='ocrx_word' id='word_1_44' title='bbox 924 777 1095 825; x_wconf 82' lang='lat' dir='ltr'>eosque</span> <span class='ocrx_word' id='word_1_45' title='bbox 1126 761 1171 806; x_wconf 87' lang='lat' dir='ltr'>in</span> <span class='ocrx_word' id='word_1_46' title='bbox 1207 760 1496 824; x_wconf 83' lang='lat' dir='ltr'>patrimonio</span> <span class='ocrx_word' id='word_1_47' title='bbox 1528 760 1803 807; x_wconf 86' lang='lat' dir='ltr'>eorumdem</span> <span class='ocrx_word' id='word_1_48' title='bbox 1835 776 1945 806; x_wconf 89' lang='lat' dir='ltr'>mo-</span> 
     </span>
     <span class='ocr_line' id='line_1_8' title="bbox 535 836 1947 902; baseline -0.002 -17"><span class='ocrx_word' id='word_1_49' title='bbox 535 840 709 887; x_wconf 86' lang='lat' dir='ltr'>nachos</span> <span class='ocrx_word' id='word_1_50' title='bbox 736 839 834 885; x_wconf 90' lang='lat' dir='ltr'>Deo</span> <span class='ocrx_word' id='word_1_51' title='bbox 868 838 1057 884; x_wconf 85' lang='lat' dir='ltr'>dicavit.</span> <span class='ocrx_word' id='word_1_52' title='bbox 1094 836 1360 902; x_wconf 80' lang='lat' dir='ltr'>Antiquum</span> <span class='ocrx_word' id='word_1_53' title='bbox 1383 837 1443 883; x_wconf 84' lang='lat' dir='ltr'>ab</span> <span class='ocrx_word' id='word_1_54' title='bbox 1471 847 1641 883; x_wconf 80' lang='lat' dir='ltr'>eventu</span> <span class='ocrx_word' id='word_1_55' title='bbox 1663 836 1815 883; x_wconf 86' lang='lat' dir='ltr'>eidem</span> <span class='ocrx_word' id='word_1_56' title='bbox 1843 837 1947 882; x_wconf 82' lang='lat' dir='ltr'>vieo</span> 
     </span>
     <span class='ocr_line' id='line_1_9' title="bbox 539 915 1947 980; baseline -0.002 -17"><span class='ocrx_word' id='word_1_57' title='bbox 539 934 708 965; x_wconf 84' lang='lat' dir='ltr'>nomen</span> <span class='ocrx_word' id='word_1_58' title='bbox 746 933 890 980; x_wconf 84' lang='lat' dir='ltr'>usque</span> <span class='ocrx_word' id='word_1_59' title='bbox 925 915 1064 962; x_wconf 88' lang='lat' dir='ltr'>hodie</span> <span class='ocrx_word' id='word_1_60' title='bbox 1095 926 1390 978; x_wconf 78' lang='lat' dir='ltr'>perseverat,</span> <span class='ocrx_word' id='word_1_61' title='bbox 1428 926 1475 961; x_wconf 83' lang='lat' dir='ltr'>et</span> <span class='ocrx_word' id='word_1_62' title='bbox 1509 916 1672 980; x_wconf 79' lang='lat' dir='ltr'>ingens</span> <span class='ocrx_word' id='word_1_63' title='bbox 1707 915 1947 979; x_wconf 80' lang='lat' dir='ltr'>congeries</span> 
     </span>
     <span class='ocr_line' id='line_1_10' title="bbox 537 991 1943 1056; baseline -0.002 -17"><span class='ocrx_word' id='word_1_64' title='bbox 537 992 747 1056; x_wconf 82' lang='lat' dir='ltr'>lapidum</span> <span class='ocrx_word' id='word_1_65' title='bbox 779 993 826 1038; x_wconf 86' lang='lat' dir='ltr'>in</span> <span class='ocrx_word' id='word_1_66' title='bbox 856 991 1172 1038; x_wconf 73' lang='lat' dir='ltr'>fundamentis</span> <span class='ocrx_word' id='word_1_67' title='bbox 1201 991 1511 1039; x_wconf 62' lang='lat' dir='ltr'>aedificiorum</span> <span class='ocrx_word' id='word_1_68' title='bbox 1537 1003 1584 1038; x_wconf 82' lang='lat' dir='ltr'>et</span> <span class='ocrx_word' id='word_1_69' title='bbox 1612 992 1760 1038; x_wconf 78' lang='lat' dir='ltr'>ruinis.</span> <span class='ocrx_word' id='word_1_70' title='bbox 1788 1008 1943 1037; x_wconf 80' lang='lat' dir='ltr'>mace-</span> 
     </span>
     <span class='ocr_line' id='line_1_11' title="bbox 538 1067 1947 1134; baseline -0.001 -20"><span class='ocrx_word' id='word_1_71' title='bbox 538 1071 717 1115; x_wconf 74' lang='lat' dir='ltr'>riarum</span> <span class='ocrx_word' id='word_1_72' title='bbox 748 1068 935 1115; x_wconf 84' lang='lat' dir='ltr'>evidens</span> <span class='ocrx_word' id='word_1_73' title='bbox 965 1070 1287 1116; x_wconf 81' lang='lat' dir='ltr'>testimonium</span> <span class='ocrx_word' id='word_1_74' title='bbox 1310 1068 1389 1115; x_wconf 81' lang='lat' dir='ltr'>dat</span> <span class='ocrx_word' id='word_1_75' title='bbox 1414 1069 1541 1134; x_wconf 81' lang='lat' dir='ltr'>quod</span> <span class='ocrx_word' id='word_1_76' title='bbox 1570 1086 1753 1133; x_wconf 74' lang='lat' dir='ltr'>magnae</span> <span class='ocrx_word' id='word_1_77' title='bbox 1784 1067 1947 1132; x_wconf 77' lang='lat' dir='ltr'>digni-</span> 
     </span>
     <span class='ocr_line' id='line_1_12' title="bbox 539 1145 1949 1210; baseline 0.001 -19"><span class='ocrx_word' id='word_1_78' title='bbox 539 1147 641 1192; x_wconf 85' lang='lat' dir='ltr'>tatis</span> <span class='ocrx_word' id='word_1_79' title='bbox 660 1146 906 1192; x_wconf 86' lang='lat' dir='ltr'>hominum</span> <span class='ocrx_word' id='word_1_80' title='bbox 932 1145 1157 1192; x_wconf 84' lang='lat' dir='ltr'>habitatio</span> <span class='ocrx_word' id='word_1_81' title='bbox 1180 1147 1480 1210; x_wconf 86' lang='lat' dir='ltr'>Bajoeensem</span> <span class='ocrx_word' id='word_1_82' title='bbox 1502 1164 1673 1210; x_wconf 75' lang='lat' dir='ltr'>pagum</span> <span class='ocrx_word' id='word_1_83' title='bbox 1695 1147 1949 1192; x_wconf 83' lang='lat' dir='ltr'>illustrave-</span> 
     </span>
     <span class='ocr_line' id='line_1_13' title="bbox 540 1221 1947 1287; baseline 0 -19"><span class='ocrx_word' id='word_1_84' title='bbox 540 1225 619 1268; x_wconf 83' lang='lat' dir='ltr'>rit.</span> <span class='ocrx_word' id='word_1_85' title='bbox 645 1222 885 1281; x_wconf 74' lang='lat' dir='ltr'>Ebrulfus,</span> <span class='ocrx_word' id='word_1_86' title='bbox 905 1221 1055 1268; x_wconf 80' lang='lat' dir='ltr'>adhue</span> <span class='ocrx_word' id='word_1_87' title='bbox 1073 1222 1246 1269; x_wconf 79' lang='lat' dir='ltr'>divitiis</span> <span class='ocrx_word' id='word_1_88' title='bbox 1263 1235 1309 1269; x_wconf 87' lang='lat' dir='ltr'>et</span> <span class='ocrx_word' id='word_1_89' title='bbox 1325 1223 1584 1270; x_wconf 81' lang='lat' dir='ltr'>honoribus</span> <span class='ocrx_word' id='word_1_90' title='bbox 1603 1235 1768 1287; x_wconf 84' lang='lat' dir='ltr'>potens</span> <span class='ocrx_word' id='word_1_91' title='bbox 1786 1223 1947 1277; x_wconf 83' lang='lat' dir='ltr'>laicus,</span> 
     </span>
     <span class='ocr_line' id='line_1_14' title="bbox 542 1301 1951 1365; baseline -0.003 -17"><span class='ocrx_word' id='word_1_92' title='bbox 542 1303 719 1365; x_wconf 66' lang='lat' dir='ltr'>praefati</span> <span class='ocrx_word' id='word_1_93' title='bbox 768 1308 782 1364; x_wconf 40' lang='grc' dir='ltr'>ζΚ</span> <span class='ocrx_word' id='word_1_94' title='bbox 794 1312 846 1347; x_wconf 89' lang='lat' dir='ltr'>ut</span> <span class='ocrx_word' id='word_1_95' title='bbox 893 1301 1086 1363; x_wconf 77' lang='lat' dir='ltr'>dicunt)</span> <span class='ocrx_word' id='word_1_96' title='bbox 1132 1301 1341 1348; x_wconf 84' lang='lat' dir='ltr'>coenobii</span> <span class='ocrx_word' id='word_1_97' title='bbox 1391 1303 1755 1348; x_wconf 74' lang='lat' dir='ltr'>constructionis</span> <span class='ocrx_word' id='word_1_98' title='bbox 1805 1301 1951 1346; x_wconf 84' lang='lat' dir='ltr'>astitit</span> 
     </span>
     <span class='ocr_line' id='line_1_15' title="bbox 541 1377 1948 1443; baseline -0.003 -17"><span class='ocrx_word' id='word_1_99' title='bbox 541 1391 821 1443; x_wconf 74' lang='lat' dir='ltr'>cooperator</span> <span class='ocrx_word' id='word_1_100' title='bbox 847 1378 1057 1425; x_wconf 80' lang='lat' dir='ltr'>idoneus.</span> <span class='ocrx_word' id='word_1_101' title='bbox 1074 1379 1357 1442; x_wconf 77' lang='lat' dir='ltr'>Incipientes</span> <span class='ocrx_word' id='word_1_102' title='bbox 1381 1380 1507 1425; x_wconf 84' lang='lat' dir='ltr'>enim</span> <span class='ocrx_word' id='word_1_103' title='bbox 1526 1379 1724 1424; x_wconf 80' lang='lat' dir='ltr'>consilio</span> <span class='ocrx_word' id='word_1_104' title='bbox 1743 1377 1920 1441; x_wconf 73' lang='lat' dir='ltr'>adjuvit</span> <span class='ocrx_word' id='word_1_105' title='bbox 1935 1414 1948 1434; x_wconf 85' lang='lat'>‚</span> 
     </span>
     <span class='ocr_line' id='line_1_16' title="bbox 545 1455 1953 1520; baseline -0.002 -17"><span class='ocrx_word' id='word_1_106' title='bbox 545 1457 807 1503; x_wconf 69' lang='lat' dir='ltr'>haesitantes</span> <span class='ocrx_word' id='word_1_107' title='bbox 842 1455 1197 1509; x_wconf 76' lang='lat' dir='ltr'>corroboravit,</span> <span class='ocrx_word' id='word_1_108' title='bbox 1222 1457 1390 1520; x_wconf 86' lang='lat' dir='ltr'>opibus</span> <span class='ocrx_word' id='word_1_109' title='bbox 1415 1468 1460 1502; x_wconf 89' lang='lat' dir='ltr'>et</span> <span class='ocrx_word' id='word_1_110' title='bbox 1482 1456 1660 1513; x_wconf 69' lang='lat' dir='ltr'>fundis,</span> <span class='ocrx_word' id='word_1_111' title='bbox 1699 1456 1953 1519; x_wconf 83' lang='lat' dir='ltr'>multisque</span> 
     </span>
     <span class='ocr_line' id='line_1_17' title="bbox 544 1533 1954 1597; baseline -0.001 -17"><span class='ocrx_word' id='word_1_112' title='bbox 544 1534 694 1581; x_wconf 84' lang='lat' dir='ltr'>modis</span> <span class='ocrx_word' id='word_1_113' title='bbox 726 1551 798 1580; x_wconf 82' lang='lat' dir='ltr'>res</span> <span class='ocrx_word' id='word_1_114' title='bbox 837 1550 987 1596; x_wconf 79' lang='lat' dir='ltr'>nuper</span> <span class='ocrx_word' id='word_1_115' title='bbox 1015 1534 1247 1597; x_wconf 83' lang='lat' dir='ltr'>incoeptas</span> <span class='ocrx_word' id='word_1_116' title='bbox 1280 1535 1617 1597; x_wconf 79' lang='lat' dir='ltr'>augmentavit.</span> <span class='ocrx_word' id='word_1_117' title='bbox 1662 1533 1733 1578; x_wconf 72' lang='lat' dir='ltr'>Ad</span> <span class='ocrx_word' id='word_1_118' title='bbox 1765 1543 1954 1596; x_wconf 83' lang='lat' dir='ltr'>postre-</span> 
     </span>
     <span class='ocr_line' id='line_1_18' title="bbox 545 1610 1954 1675; baseline -0.004 -16"><span class='ocrx_word' id='word_1_119' title='bbox 545 1631 678 1659; x_wconf 90' lang='lat' dir='ltr'>mum</span> <span class='ocrx_word' id='word_1_120' title='bbox 697 1611 919 1659; x_wconf 81' lang='lat' dir='ltr'>omnihus</span> <span class='ocrx_word' id='word_1_121' title='bbox 940 1611 1164 1666; x_wconf 78' lang='lat' dir='ltr'>nudatus,</span> <span class='ocrx_word' id='word_1_122' title='bbox 1192 1612 1253 1657; x_wconf 89' lang='lat' dir='ltr'>ibi</span> <span class='ocrx_word' id='word_1_123' title='bbox 1275 1630 1320 1658; x_wconf 84' lang='lat' dir='ltr'>se</span> <span class='ocrx_word' id='word_1_124' title='bbox 1341 1612 1598 1669; x_wconf 79' lang='lat' dir='ltr'>abdicavit,</span> <span class='ocrx_word' id='word_1_125' title='bbox 1620 1627 1852 1675; x_wconf 84' lang='lat' dir='ltr'>verusque</span> <span class='ocrx_word' id='word_1_126' title='bbox 1870 1610 1954 1655; x_wconf 88' lang='lat' dir='ltr'>Dei</span> 
     </span>
     <span class='ocr_line' id='line_1_19' title="bbox 547 1687 1957 1754; baseline -0.004 -17"><span class='ocrx_word' id='word_1_127' title='bbox 547 1708 724 1754; x_wconf 77' lang='lat' dir='ltr'>pauper</span> <span class='ocrx_word' id='word_1_128' title='bbox 762 1689 1028 1736; x_wconf 84' lang='lat' dir='ltr'>monachile</span> <span class='ocrx_word' id='word_1_129' title='bbox 1061 1689 1242 1736; x_wconf 83' lang='lat' dir='ltr'>schema</span> <span class='ocrx_word' id='word_1_130' title='bbox 1276 1689 1450 1736; x_wconf 86' lang='lat' dir='ltr'>ibidem</span> <span class='ocrx_word' id='word_1_131' title='bbox 1479 1689 1704 1752; x_wconf 74' lang='lat' dir='ltr'>suscepit,</span> <span class='ocrx_word' id='word_1_132' title='bbox 1743 1699 1789 1734; x_wconf 83' lang='lat' dir='ltr'>et</span> <span class='ocrx_word' id='word_1_133' title='bbox 1815 1687 1957 1733; x_wconf 83' lang='lat' dir='ltr'>armis</span> 
     </span>
     <span class='ocr_line' id='line_1_20' title="bbox 547 1766 1958 1829; baseline -0.003 -14"><span class='ocrx_word' id='word_1_134' title='bbox 547 1768 829 1816; x_wconf 82' lang='lat' dir='ltr'>obedientiae</span> <span class='ocrx_word' id='word_1_135' title='bbox 850 1768 949 1813; x_wconf 91' lang='lat' dir='ltr'>Deo</span> <span class='ocrx_word' id='word_1_136' title='bbox 968 1767 1189 1813; x_wconf 82' lang='lat' dir='ltr'>militavit</span> <span class='ocrx_word' id='word_1_137' title='bbox 1204 1804 1214 1823; x_wconf 88' lang='lat'>,</span> <span class='ocrx_word' id='word_1_138' title='bbox 1244 1779 1290 1814; x_wconf 89' lang='lat' dir='ltr'>et</span> <span class='ocrx_word' id='word_1_139' title='bbox 1314 1766 1608 1814; x_wconf 83' lang='lat' dir='ltr'>intuentibus</span> <span class='ocrx_word' id='word_1_140' title='bbox 1631 1766 1848 1829; x_wconf 84' lang='lat' dir='ltr'>exemplo</span> <span class='ocrx_word' id='word_1_141' title='bbox 1872 1782 1958 1811; x_wconf 87' lang='lat' dir='ltr'>eo-</span> 
     </span>
     <span class='ocr_line' id='line_1_21' title="bbox 549 1847 767 1893; baseline 0 -2"><span class='ocrx_word' id='word_1_142' title='bbox 549 1847 767 1893; x_wconf 85' lang='lat' dir='ltr'>rusoavit.</span> 
     </span>
    </p>

    <p class='ocr_par' dir='ltr' id='par_1_3' title="bbox 551 1920 1965 2606">
     <span class='ocr_line' id='line_1_22' title="bbox 616 1920 1960 1985; baseline -0.001 -19"><span class='ocrx_word' id='word_1_143' title='bbox 616 1944 638 1967; x_wconf 86' lang='lat'><strong><em>«</em></strong></span> <span class='ocrx_word' id='word_1_144' title='bbox 666 1923 842 1969; x_wconf 79' lang='lat' dir='ltr'>Verum</span> <span class='ocrx_word' id='word_1_145' title='bbox 858 1960 870 1981; x_wconf 88' lang='lat'><strong><em>,</em></strong></span> <span class='ocrx_word' id='word_1_146' title='bbox 897 1941 1004 1969; x_wconf 87' lang='lat' dir='ltr'>cum</span> <span class='ocrx_word' id='word_1_147' title='bbox 1027 1922 1089 1969; x_wconf 87' lang='lat' dir='ltr'>ob</span> <span class='ocrx_word' id='word_1_148' title='bbox 1111 1923 1368 1968; x_wconf 78' lang='lat' dir='ltr'>sanctitatis</span> <span class='ocrx_word' id='word_1_149' title='bbox 1392 1923 1592 1985; x_wconf 80' lang='lat' dir='ltr'>gratiam</span> <span class='ocrx_word' id='word_1_150' title='bbox 1616 1921 1834 1983; x_wconf 83' lang='lat' dir='ltr'>coepisset</span> <span class='ocrx_word' id='word_1_151' title='bbox 1863 1920 1960 1983; x_wconf 77' lang='lat' dir='ltr'>glo-</span> 
     </span>
     <span class='ocr_line' id='line_1_23' title="bbox 551 1998 1961 2054; baseline -0.004 -7"><span class='ocrx_word' id='word_1_152' title='bbox 551 2003 698 2049; x_wconf 84' lang='lat' dir='ltr'>riosus</span> <span class='ocrx_word' id='word_1_153' title='bbox 722 2004 958 2048; x_wconf 72' lang='lat' dir='ltr'>confessor</span> <span class='ocrx_word' id='word_1_154' title='bbox 982 2000 1208 2046; x_wconf 69' lang='lat' dir='ltr'>Ebrull&#39;us</span> <span class='ocrx_word' id='word_1_155' title='bbox 1232 2019 1256 2045; x_wconf 92' lang='lat' dir='ltr'>a</span> <span class='ocrx_word' id='word_1_156' title='bbox 1278 1999 1503 2045; x_wconf 68' lang='lat' dir='ltr'>fratribus</span> <span class='ocrx_word' id='word_1_157' title='bbox 1524 1998 1780 2054; x_wconf 82' lang='lat' dir='ltr'>honorari,</span> <span class='ocrx_word' id='word_1_158' title='bbox 1805 2014 1961 2043; x_wconf 82' lang='lat' dir='ltr'>casum</span> 
     </span>
     <span class='ocr_line' id='line_1_24' title="bbox 552 2073 1961 2131; baseline -0.004 -5"><span class='ocrx_word' id='word_1_159' title='bbox 552 2079 765 2126; x_wconf 83' lang='lat' dir='ltr'>elationis</span> <span class='ocrx_word' id='word_1_160' title='bbox 785 2089 996 2125; x_wconf 84' lang='lat' dir='ltr'>metuens</span> <span class='ocrx_word' id='word_1_161' title='bbox 1027 2078 1271 2124; x_wconf 84' lang='lat' dir='ltr'>incurrere</span> <span class='ocrx_word' id='word_1_162' title='bbox 1287 2115 1296 2131; x_wconf 79' lang='grc'><em>,</em></span> <span class='ocrx_word' id='word_1_163' title='bbox 1326 2077 1483 2122; x_wconf 80' lang='lat' dir='ltr'>accitis</span> <span class='ocrx_word' id='word_1_164' title='bbox 1503 2093 1660 2122; x_wconf 84' lang='lat' dir='ltr'>secum</span> <span class='ocrx_word' id='word_1_165' title='bbox 1686 2073 1835 2120; x_wconf 87' lang='lat' dir='ltr'>tribus</span> <span class='ocrx_word' id='word_1_166' title='bbox 1854 2090 1961 2120; x_wconf 91' lang='lat' dir='ltr'>mo-</span> 
     </span>
     <span class='ocr_line' id='line_1_25' title="bbox 552 2154 1958 2219; baseline -0.004 -17"><span class='ocrx_word' id='word_1_167' title='bbox 552 2155 733 2213; x_wconf 84' lang='lat' dir='ltr'>nachis,</span> <span class='ocrx_word' id='word_1_168' title='bbox 766 2173 884 2219; x_wconf 79' lang='lat' dir='ltr'>quos</span> <span class='ocrx_word' id='word_1_169' title='bbox 908 2155 994 2201; x_wconf 85' lang='lat' dir='ltr'>sibi</span> <span class='ocrx_word' id='word_1_170' title='bbox 1025 2155 1243 2200; x_wconf 75' lang='lat' dir='ltr'>familiari</span> <span class='ocrx_word' id='word_1_171' title='bbox 1278 2155 1596 2201; x_wconf 81' lang='lat' dir='ltr'>collocutione</span> <span class='ocrx_word' id='word_1_172' title='bbox 1620 2154 1958 2217; x_wconf 83' lang='lat' dir='ltr'>conjunxerat,</span> 
     </span>
     <span class='ocr_line' id='line_1_26' title="bbox 553 2233 1962 2297; baseline -0.002 -18"><span class='ocrx_word' id='word_1_173' title='bbox 553 2245 599 2279; x_wconf 89' lang='lat' dir='ltr'>et</span> <span class='ocrx_word' id='word_1_174' title='bbox 623 2233 681 2279; x_wconf 82' lang='lat' dir='ltr'>ad</span> <span class='ocrx_word' id='word_1_175' title='bbox 714 2233 758 2279; x_wconf 85' lang='lat' dir='ltr'>id</span> <span class='ocrx_word' id='word_1_176' title='bbox 784 2234 1087 2297; x_wconf 71' lang='lat' dir='ltr'>perfeetionis</span> <span class='ocrx_word' id='word_1_177' title='bbox 1120 2243 1355 2279; x_wconf 83' lang='lat' dir='ltr'>certamen</span> <span class='ocrx_word' id='word_1_178' title='bbox 1382 2233 1700 2295; x_wconf 75' lang='lat' dir='ltr'>promptiores</span> <span class='ocrx_word' id='word_1_179' title='bbox 1726 2246 1962 2295; x_wconf 79' lang='lat' dir='ltr'>cognove—</span> 
     </span>
     <span class='ocr_line' id='line_1_27' title="bbox 554 2308 1963 2375; baseline -0.004 -18"><span class='ocrx_word' id='word_1_180' title='bbox 554 2323 649 2368; x_wconf 83' lang='lat' dir='ltr'>rat,</span> <span class='ocrx_word' id='word_1_181' title='bbox 680 2322 842 2375; x_wconf 88' lang='lat' dir='ltr'>utpote</span> <span class='ocrx_word' id='word_1_182' title='bbox 870 2311 1012 2358; x_wconf 86' lang='lat' dir='ltr'>solius</span> <span class='ocrx_word' id='word_1_183' title='bbox 1034 2311 1119 2356; x_wconf 83' lang='lat' dir='ltr'>Dei</span> <span class='ocrx_word' id='word_1_184' title='bbox 1158 2309 1547 2372; x_wconf 83' lang='lat' dir='ltr'>contemplationi</span> <span class='ocrx_word' id='word_1_185' title='bbox 1580 2309 1743 2355; x_wconf 82' lang='lat' dir='ltr'>volens</span> <span class='ocrx_word' id='word_1_186' title='bbox 1779 2308 1963 2353; x_wconf 86' lang='lat' dir='ltr'>incum—</span> 
     </span>
     <span class='ocr_line' id='line_1_28' title="bbox 554 2386 1964 2447; baseline -0.004 -12"><span class='ocrx_word' id='word_1_187' title='bbox 554 2388 690 2446; x_wconf 88' lang='lat' dir='ltr'>bere,</span> <span class='ocrx_word' id='word_1_188' title='bbox 730 2407 910 2435; x_wconf 87' lang='lat' dir='ltr'>summa</span> <span class='ocrx_word' id='word_1_189' title='bbox 943 2407 1052 2435; x_wconf 86' lang='lat' dir='ltr'>cum</span> <span class='ocrx_word' id='word_1_190' title='bbox 1089 2388 1335 2434; x_wconf 76' lang='lat' dir='ltr'>velocitate</span> <span class='ocrx_word' id='word_1_191' title='bbox 1371 2386 1548 2432; x_wconf 77' lang='lat' dir='ltr'>studuit</span> <span class='ocrx_word' id='word_1_192' title='bbox 1578 2402 1788 2432; x_wconf 85' lang='lat' dir='ltr'>eremum</span> <span class='ocrx_word' id='word_1_193' title='bbox 1819 2400 1964 2447; x_wconf 85' lang='lat' dir='ltr'>expe-</span> 
     </span>
     <span class='ocr_line' id='line_1_29' title="bbox 559 2462 1963 2531; baseline -0.005 -18"><span class='ocrx_word' id='word_1_194' title='bbox 559 2478 671 2513; x_wconf 85' lang='lat' dir='ltr'>tere.</span> <span class='ocrx_word' id='word_1_195' title='bbox 715 2488 736 2509; x_wconf 87' lang='lat'>»</span> <span class='ocrx_word' id='word_1_196' title='bbox 776 2467 864 2527; x_wconf 88' lang='lat' dir='ltr'>Qui</span> <span class='ocrx_word' id='word_1_197' title='bbox 903 2484 989 2531; x_wconf 83' lang='lat' dir='ltr'>per</span> <span class='ocrx_word' id='word_1_198' title='bbox 1029 2466 1327 2512; x_wconf 86' lang='lat' dir='ltr'>Oximensem</span> <span class='ocrx_word' id='word_1_199' title='bbox 1367 2480 1540 2528; x_wconf 79' lang='lat' dir='ltr'>pagum</span> <span class='ocrx_word' id='word_1_200' title='bbox 1579 2464 1627 2508; x_wconf 87' lang='lat' dir='ltr'>in</span> <span class='ocrx_word' id='word_1_201' title='bbox 1669 2463 1850 2517; x_wconf 83' lang='lat' dir='ltr'>locum,</span> <span class='ocrx_word' id='word_1_202' title='bbox 1883 2462 1963 2525; x_wconf 88' lang='lat' dir='ltr'>qui</span> 
     </span>
     <span class='ocr_line' id='line_1_30' title="bbox 558 2540 1965 2606; baseline -0.004 -17"><span class='ocrx_word' id='word_1_203' title='bbox 558 2545 913 2591; x_wconf 72' lang='lat' dir='ltr'>Montis-Fortis</span> <span class='ocrx_word' id='word_1_204' title='bbox 931 2544 1105 2591; x_wconf 81' lang='lat' dir='ltr'>dicitur</span> <span class='ocrx_word' id='word_1_205' title='bbox 1126 2547 1140 2595; x_wconf 75' lang='lat'>(&#39;</span> <span class='ocrx_word' id='word_1_206' title='bbox 1156 2546 1216 2606; x_wconf 83' lang='grc' dir='ltr'>ι),</span> <span class='ocrx_word' id='word_1_207' title='bbox 1238 2553 1486 2597; x_wconf 84' lang='lat' dir='ltr'>venerunt,</span> <span class='ocrx_word' id='word_1_208' title='bbox 1512 2540 1687 2605; x_wconf 77' lang='lat' dir='ltr'>ibique,</span> <span class='ocrx_word' id='word_1_209' title='bbox 1707 2541 1814 2604; x_wconf 86' lang='lat' dir='ltr'>quia</span> <span class='ocrx_word' id='word_1_210' title='bbox 1838 2540 1965 2585; x_wconf 85' lang='lat' dir='ltr'>loeus</span> 
     </span>
    </p>
   </div>
   <div class='ocr_carea' id='block_1_3' title="bbox 561 2663 808 2668">
    <p class='ocr_par' dir='ltr' id='par_1_4' title="bbox 561 2663 808 2668">
     <span class='ocr_line' id='line_1_31' title="bbox 561 2663 808 2668; baseline 0 0"><span class='ocrx_word' id='word_1_211' title='bbox 561 2663 808 2668; x_wconf 95' lang='lat' dir='ltr'> </span> 
     </span>
    </p>
   </div>
   <div class='ocr_carea' id='block_1_4' title="bbox 607 2724 1963 2779">
    <p class='ocr_par' dir='ltr' id='par_1_5' title="bbox 607 2724 1963 2779">
     <span class='ocr_line' id='line_1_32' title="bbox 607 2724 1963 2779; baseline -0.006 -12"><span class='ocrx_word' id='word_1_212' title='bbox 607 2734 656 2779; x_wconf 72' lang='lat'>(1)</span> <span class='ocrx_word' id='word_1_213' title='bbox 681 2724 953 2767; x_wconf 57' lang='lat' dir='ltr'>Saum-tlvroult</span> <span class='ocrx_word' id='word_1_214' title='bbox 981 2733 1024 2766; x_wconf 77' lang='lat' dir='ltr'>de</span> <span class='ocrx_word' id='word_1_215' title='bbox 1044 2732 1222 2767; x_wconf 74' lang='lat' dir='ltr'>Montsort</span> <span class='ocrx_word' id='word_1_216' title='bbox 1243 2735 1260 2766; x_wconf 75' lang='lat' dir='ltr'>a</span> <span class='ocrx_word' id='word_1_217' title='bbox 1281 2745 1350 2765; x_wconf 75' lang='lat' dir='ltr'>nne</span> <span class='ocrx_word' id='word_1_218' title='bbox 1370 2730 1585 2765; x_wconf 68' lang='lat' dir='ltr'>(lonii-liene</span> <span class='ocrx_word' id='word_1_219' title='bbox 1605 2742 1646 2763; x_wconf 80' lang='lat' dir='ltr'>au</span> <span class='ocrx_word' id='word_1_220' title='bbox 1673 2729 1762 2763; x_wconf 82' lang='lat' dir='ltr'>nord</span> <span class='ocrx_word' id='word_1_221' title='bbox 1792 2728 1836 2762; x_wconf 83' lang='lat' dir='ltr'>de</span> <span class='ocrx_word' id='word_1_222' title='bbox 1854 2727 1963 2762; x_wconf 61' lang='lat' dir='ltr'>Gacc.</span> 
     </span>
    </p>
   </div>
   <div class='ocr_carea' id='block_1_5' title="bbox 564 2789 1966 2840">
    <p class='ocr_par' dir='ltr' id='par_1_6' title="bbox 564 2789 1966 2840">
     <span class='ocr_line' id='line_1_33' title="bbox 564 2789 1966 2840; baseline -0.004 -14"><span class='ocrx_word' id='word_1_223' title='bbox 564 2794 586 2826; x_wconf 67' lang='lat' dir='ltr'>l!</span> <span class='ocrx_word' id='word_1_224' title='bbox 611 2795 741 2840; x_wconf 45' lang='grc' dir='ltr'>ραι-ΛΜ,</span> <span class='ocrx_word' id='word_1_225' title='bbox 769 2794 907 2839; x_wconf 47' lang='lat' dir='ltr'>‹tasi-b&lt;</span> <span class='ocrx_word' id='word_1_226' title='bbox 935 2807 972 2825; x_wconf 57' lang='grc' dir='ltr'>(ψ</span> <span class='ocrx_word' id='word_1_227' title='bbox 1004 2805 1167 2837; x_wconf 62' lang='lat' dir='ltr'>passage,</span> <span class='ocrx_word' id='word_1_228' title='bbox 1203 2806 1272 2838; x_wconf 69' lang='lat' dir='ltr'>que</span> <span class='ocrx_word' id='word_1_229' title='bbox 1303 2792 1379 2836; x_wconf 58' lang='lat' dir='ltr'>‹li-ja</span> <span class='ocrx_word' id='word_1_230' title='bbox 1402 2794 1418 2823; x_wconf 69' lang='lat' dir='ltr'>i«</span> <span class='ocrx_word' id='word_1_231' title='bbox 1439 2791 1604 2835; x_wconf 55' lang='lat' dir='ltr'>Peperine</span> <span class='ocrx_word' id='word_1_232' title='bbox 1625 2802 1669 2822; x_wconf 75' lang='lat' dir='ltr'>ou</span> <span class='ocrx_word' id='word_1_233' title='bbox 1696 2789 1842 2822; x_wconf 54' lang='lat' dir='ltr'>(utrix-ait</span> <span class='ocrx_word' id='word_1_234' title='bbox 1863 2794 1966 2821; x_wconf 75' lang='lat' dir='ltr'>non-‹-</span> 
     </span>
    </p>
   </div>
  </div>
 </body>
</html>
