2085 3455
597 350 675 389 442
966 346 1210 386 HISTORIA
1241 343 1642 382 ECCLESIASTICA.

596 437 757 483 locum
788 435 1006 500 quaesivit
1039 432 1261 480 idoneum
1297 429 1383 475 sibi
1416 430 1602 494 suisque
1633 427 1891 485 sodalibus,
1923 430 2003 493 qui

597 512 743 559 sancti
784 511 1092 557 decreverant
1130 507 1343 573 regulam
1383 505 1654 564 Benedicti,
1698 506 1818 552 sicut
1854 505 2004 552 Judaei

598 591 750 654 legem
786 589 935 652 Moysi
956 625 968 646 ,
1010 587 1066 634 ad
1105 587 1313 633 litteram
1353 600 1538 630 servare
1572 584 1771 648 penitus.
1797 582 2007 629 Tandem

599 666 725 725 Odo,
762 667 884 712 filius
907 665 1102 712 Henrici
1121 700 1134 722 ,
1161 661 1450 726 Burgundiae
1475 661 1570 707 dux
1588 698 1600 718 ,
1631 661 1723 707 illis
1746 677 2007 724 compassus

598 756 691 802 est,
718 756 764 791 et
786 743 1019 808 praedium
1045 743 1090 788 in
1114 742 1221 788 loco
1241 741 1322 805 qui
1347 740 1591 786 Cistertius
1611 738 1802 794 dicitur,
1831 739 1878 784 in
1903 738 2008 802 epi-

599 832 792 885 scopatu
822 819 1123 865 Cabilonensi
1154 818 1252 881 (1),
1289 817 1484 880 largitus
1519 827 1604 862 est.
1634 815 1705 861 Ibi
1742 814 2009 861 Rodbertus

600 898 742 945 abbas
781 915 888 944 cum
924 896 1084 942 electis
1121 893 1348 940 fratribus
1391 892 1664 958 aliquandiu
1700 891 1929 938 habitavit
1962 893 2010 938 in

600 993 785 1032 eremo,
825 975 986 1020 nimiae
1032 971 1340 1018 districtionis
1371 981 1417 1016 et
1455 970 1697 1034 religionis
1734 968 2012 1016 coenobium

600 1064 874 1101 construere
899 1052 1048 1115 coepit
1072 1051 1166 1113 (2),
1195 1050 1388 1113 Deoqne
1417 1048 1624 1095 donante
1657 1049 1704 1094 in
1739 1047 1870 1093 brevi
1902 1047 2010 1110 ple-

599 1147 772 1195 rosque
798 1129 1056 1176 sanctitatis
1079 1127 1378 1174 aemulatores
1402 1125 1584 1172 habuit.
1613 1125 1826 1189 Cumque
1850 1124 2012 1170 Molis-

598 1225 780 1255 menses
794 1206 1051 1254 coenobitae
1066 1222 1153 1269 per
1166 1202 1358 1268 aliquod
1376 1215 1557 1266 tempus
1572 1214 1760 1266 pastore
1778 1212 2009 1259 carerent,

598 1287 798 1351 viroque
820 1285 906 1331 Dei
930 1282 1186 1331 virtutibus
1209 1283 1386 1328 famoso
1420 1280 1713 1338 discedente,
1750 1278 2012 1343 despicabi-

600 1365 741 1411 liores
768 1380 879 1427 erga
920 1362 1095 1408 vicinos
1119 1371 1166 1407 et
1192 1372 1332 1406 notos
1358 1359 1548 1416 flerent,
1573 1358 1823 1405 Urbanum
1841 1357 2014 1421 Papam

599 1441 831 1504 supplices
849 1438 1086 1496 adierunt,
1111 1438 1245 1502 eique
1263 1454 1457 1500 prorsus
1476 1435 1674 1482 enodata
1694 1435 1811 1482 serie
1832 1451 2010 1490 rerum,

599 1535 712 1582 quas
733 1535 873 1581 supra
897 1517 1066 1573 retuli,
1094 1515 1345 1562 consilium
1367 1525 1414 1560 et
1435 1514 1664 1560 auxilinm
1690 1513 1749 1559 ab
1775 1529 1830 1560 eo
1856 1523 2012 1576 postu-

599 1596 836 1641 laverunt.
865 1594 950 1640 Ille
973 1610 1089 1639 vero
1113 1604 1312 1655 paterno
1336 1592 1507 1638 affectu
1526 1593 1738 1656 utrisque
1758 1590 2010 1637 consuluit.

600 1672 776 1718 Abbati
826 1672 955 1718 enim
998 1671 1252 1734 apostolica
1288 1670 1422 1734 jussit
1467 1670 1746 1715 auctoritate
1792 1678 1846 1713 ut
1884 1667 2014 1730 prius

599 1750 944 1797 monasterium
968 1758 1234 1811 repeteret,
1263 1758 1335 1803 et,
1366 1763 1425 1792 ne
1450 1745 1708 1803 laberetur,
1731 1745 2016 1809 regulariter

599 1839 810 1891 regeret,
835 1845 887 1872 ac
910 1827 958 1872 in
980 1827 1097 1881 alio,
1120 1824 1248 1890 quod
1268 1824 1569 1888 postmodum
1592 1834 1827 1887 coeperat,
1855 1839 2017 1887 quem-

598 1906 716 1952 libet
733 1905 789 1951 de
807 1906 898 1950 suis
918 1903 1141 1951 idoneum
1160 1902 1481 1948 substitueret.
1502 1900 1682 1948 Deinde
1701 1900 1836 1946 firma
1854 1900 2017 1946 statuit

599 1985 842 2031 sanctione
872 1994 925 2028 ut
958 1984 1005 2028 in
1033 1982 1200 2045 primis
1234 1980 1431 2044 quisque
1473 1996 1614 2043 quam
1651 1979 1793 2025 vellet
1824 1978 2015 2023 institu-

600 2063 782 2108 tionem
805 2061 915 2107 vitae
948 2060 1208 2121 arriperet,
1244 2059 1485 2122 ipsamque
1511 2057 1642 2103 omni
1665 2057 1759 2102 vita
1785 2073 1862 2102 sua
1889 2055 2015 2101 irre-

598 2139 891 2203 fragabiliter
916 2132 1117 2184 teneret.

666 2218 741 2263 Sic
767 2217 997 2262 nimirum
1030 2215 1176 2262 solers
1193 2214 1317 2277 Papa
1345 2213 1460 2258 utile.
1490 2229 1630 2276 super
1656 2211 1746 2258 hoc
1771 2210 2014 2257 decretum

600 2293 948 2357 promulgavit,
981 2293 1139 2339 dicens
1167 2313 1176 2337 ε
1222 2292 1532 2356 Summopcre
1562 2289 1826 2336 cavendum
1854 2300 1922 2335 est
1958 2305 2016 2334 ne

601 2371 847 2417 lmrridzmz
867 2370 1076 2416 schisma
1102 2371 1148 2414 in
1174 2370 1318 2416 domo
1345 2369 1440 2414 Dei
1455 2371 1711 2423 nutriatur,
1736 2366 2014 2412 multorum-

602 2466 691 2511 que
742 2448 812 2493 acl
857 2447 1189 2493 (letrz‘memum
1226 2449 1461 2492 scaturiat
1496 2457 1637 2509 atque
1666 2455 1927 2507 grassetur,
1971 2453 2015 2490 et

602 2543 763 2571 rursus
788 2542 847 2570 ne
872 2524 1044 2570 bonum
1075 2524 1379 2588 culpabiliter
1390 2521 1702 2588 praffocctur,
1734 2521 1866 2586 quod
1890 2520 2015 2567 divi-

648 2674 696 2717 (1)
716 2671 888 2712 Citeaux,
907 2673 990 2717 pres
1010 2672 1136 2715 hints,
1159 2672 1247 2706 dans
1265 2671 1298 2705 10
1316 2671 1458 2705 diocese
1475 2670 1519 2704 dc
1539 2670 1689 2704 Chalon.

649 2733 697 2777 (2)
719 2733 766 2765 La
785 2731 952 2766 nouvelle
971 2733 1230 2766 communaute'
1247 2732 1304 2766 snt
1324 2731 1531 2777 oigariise'e,
1553 2737 1588 2764 ct
1608 2730 1658 2764 les
1677 2741 1867 2764 nouveaux
1886 2734 2014 2763 statuts

602 2791 751 2838 adopte's
774 2790 807 2825 le
833 2791 1026 2825 dimanche
1051 2791 1114 2826 des
1132 2792 1336 2834 Rameaux,
1358 2802 1397 2824 21
1420 2801 1515 2824 mars
1535 2789 1641 2837 1098,
1659 2789 1746 2834 jour
1762 2788 1808 2823 (le
1826 2789 1859 2823 la
1879 2788 1950 2823 sete
1969 2787 2014 2822 de

604 2850 696 2884 saint
717 2849 857 2884 Benoit.
