2085 3455
561 326 639 363 359.
923 325 1167 363 HISTORIA
1201 323 1603 362 ECCLESIASTICA.
1835 324 1970 372 [1090]

557 410 880 475 praecellebat.
908 413 949 458 ls
974 430 1082 459 cum
1108 428 1217 476 rege
1243 410 1300 457 de
1324 409 1550 456 tradenda
1576 410 1764 457 civitate
1787 419 1975 472 pactum

557 488 753 544 fecerat,
785 498 830 533 et
854 488 1095 534 immensis
1120 487 1290 552 opibus
1319 486 1520 543 ditatus,
1550 487 1596 531 in
1623 485 1742 531 urbe
1764 483 1972 548 vigebat,

560 566 899 629 ingentemque
933 565 1143 611 militum
1185 576 1232 611 et
1268 565 1524 610 satellitum
1557 563 1781 609 familiam
1813 572 1977 608 contra

560 642 728 689 ducem
763 643 976 707 turgidus
995 643 1173 707 jugiter
1206 642 1442 706 pascebat.
1470 641 1675 687 Maxima
1699 658 1807 704 pars
1833 638 1978 684 urba-

561 737 736 766 norum
762 720 915 766 eidem
938 719 1318 784 adquiescebant.
1343 719 1577 765 Nonnulli
1604 729 1759 763 tamen
1781 734 1874 780 pro
1894 715 1980 763 fide

563 797 669 844 duci
691 797 917 843 servanda
940 796 1246 852 resistebant,
1269 807 1315 842 et
1333 796 1619 860 opportunis
1640 794 1983 859 tergiversatio-

562 874 701 920 nibus
719 873 993 920 detestabile
1011 875 1190 920 facinus
1212 873 1550 936 impediebant.
1574 872 1812 918 Caeterum
1834 871 1982 917 Cona-

566 970 670 1006 nus,
690 951 746 997 de
764 968 958 997 suorum
979 968 1212 997 consensu
1229 950 1575 997 contribulium
1594 966 1800 1006 securus,
1826 948 1985 994 termi-

566 1047 682 1075 num
724 1030 995 1085 constituit‚
1040 1029 1208 1093 [licque
1250 1039 1426 1075 statuto
1466 1029 1727 1075 exercitum
1769 1027 1892 1090 regis
1931 1025 1987 1072 de

567 1109 817 1162 Gorneco,
844 1107 1040 1171 aliisque
1067 1106 1304 1170 regalibus
1331 1107 1492 1152 castris
1515 1105 1753 1162 accersiit,
1783 1115 1828 1151 et
1849 1104 1990 1150 Roto-

568 1203 760 1249 magum
795 1185 1045 1232 confestim
1071 1185 1237 1231 venire
1271 1184 1514 1247 praecepit.
1549 1185 1655 1230 Dux
1689 1193 1870 1237 antem,
1909 1179 1987 1226 ubi

569 1275 747 1310 tantam
781 1274 946 1310 contra
979 1280 1025 1309 se
1060 1263 1463 1310 machinationem
1487 1262 1763 1325 comperiit,
1789 1260 1986 1315 amicos,

572 1343 618 1388 in
655 1341 827 1406 quibus
854 1340 1151 1398 confidebat,
1190 1339 1247 1386 ad
1272 1357 1318 1386 se
1343 1340 1645 1387 convocavit.
1679 1340 1815 1384 Tunc
1851 1339 1992 1384 etiam

571 1438 677 1467 cum
703 1420 911 1466 Henrico
935 1419 1081 1465 fratre
1113 1436 1223 1477 suo,
1251 1429 1297 1464 et
1320 1437 1427 1464 cum
1452 1419 1553 1464 aliis
1576 1415 1885 1482 quibusdam,
1912 1414 1991 1479 qui

571 1497 630 1544 ab
663 1515 718 1544 eo
744 1497 1064 1554 desciverant,
1093 1496 1246 1543 foedus
1279 1497 1499 1542 amicitiae
1532 1495 1737 1559 pepigit,
1774 1504 1820 1540 et
1854 1493 1993 1539 Guil-

571 1576 717 1621 lelmo
738 1575 900 1620 comiti
923 1574 1197 1620 Ebroarum
1213 1610 1224 1630 ‚
1250 1585 1296 1620 et
1314 1573 1559 1620 Rodberto
1584 1573 1890 1629 Belesmensi,
1918 1581 1994 1616 at—

574 1674 666 1721 que
697 1656 955 1703 Guillelmo
979 1656 1259 1702 Bretoliensi
1277 1692 1288 1711 ‚
1312 1667 1358 1701 et
1382 1654 1602 1701 Gilberto
1624 1656 1694 1717 ζ.)
1719 1654 1776 1700 cle
1797 1653 1993 1717 Aquila,

574 1735 770 1798 aliisque
804 1733 1018 1780 fidelibus
1043 1734 1134 1779 suis
1166 1733 1505 1780 desolationem
1537 1734 1603 1778 sui
1645 1733 1733 1779 cita
1764 1731 1998 1796 legatione

575 1813 828 1858 intimavit.
857 1812 1088 1857 Henricus
1123 1812 1266 1875 igitur
1290 1812 1472 1875 primus
1505 1812 1543 1857 ei
1582 1810 1815 1873 suppetias
1842 1809 1993 1866 venit,

574 1901 620 1936 et
647 1890 806 1953 primo
830 1888 1091 1935 subsidium
1121 1890 1256 1934 fratri
1290 1889 1517 1946 contulit,
1545 1888 1713 1935 deinde
1742 1886 1996 1934 vindictam

573 1967 780 2012 viriliter
806 1966 853 2011 in
875 1965 1173 2029 proditorem
1197 1967 1425 2012 exercuit.

641 2043 805 2088 Tertio
820 2042 894 2087 die
912 2041 1205 2099 novembris,
1223 2042 1515 2088 Gislebertus
1532 2041 1588 2088 (le
1602 2041 1771 2105 Aquila
1791 2039 1997 2087 militum

576 2131 780 2165 turmam
809 2117 938 2164 ducis
962 2117 1018 2164 ad
1048 2119 1293 2165 servitium
1323 2119 1481 2176 (luxit,
1508 2131 1552 2165 et
1584 2136 1669 2182 per
1691 2129 1886 2182 pontem
1910 2117 1994 2164 Se-

576 2215 746 2262 quanae
766 2196 824 2242 acl
842 2197 1091 2242 australem
1119 2208 1301 2261 partem
1326 2199 1397 2261 (2)
1419 2197 1549 2243 urbis
1572 2197 1777 2244 accessit.
1804 2198 1860 2242 Et
1883 2207 1994 2242 tunc

576 2293 632 2321 ex
657 2275 742 2321 alia
770 2285 905 2338 parte
933 2275 1188 2321 Rainaldus
1208 2275 1264 2322 cle
1288 2276 1505 2322 Garenna
1533 2276 1604 2339 (3)
1631 2294 1739 2323 cum
1762 2293 1838 2322 ccc
1869 2274 1994 2320 mili-

625 2416 676 2461 (1)
697 2416 795 2449 Lisez
815 2431 820 2448 z
847 2415 1066 2450 Gz'sleberto.

624 2478 676 2519 (2)
695 2474 883 2509 Gislebevt
900 2481 1001 2508 entra
1021 2475 1110 2509 dans
1129 2475 1161 2510 la
1178 2477 1295 2522 partie
1315 2475 1553 2510 meridionale
1572 2475 1616 2509 de
1633 2475 1665 2510 la
1679 2475 1762 2509 ville
1778 2487 1844 2521 pal·
1856 2474 1889 2509 le
1904 2480 1993 2521 pont

578 2535 641 2581 qui
662 2533 805 2568 existait
824 2545 886 2567 sur
903 2533 936 2567 la
955 2534 1063 2568 Seine
1080 2534 1168 2568 dans
1187 2535 1475 2582 l’emplacement
1496 2536 1543 2569 ou
1561 2534 1586 2568 il
1604 2534 1660 2568 sut
1677 2533 1897 2568 reconstruit
1913 2532 1991 2579 plus

576 2594 660 2629 tard
687 2606 752 2640 par
779 2592 1038 2639 l'impe'ratricc
1063 2594 1258 2630 Mathilde.
1289 2596 1371 2630 {Non
1399 2595 1599 2629 seulement
1621 2607 1660 2629 ce
1682 2601 1789 2640 pont,
1812 2593 1902 2627 mais
1920 2603 1990 2626 une

579 2654 727 2701 portion
745 2652 891 2687 notable
913 2653 958 2688 de
980 2654 1013 2688 la
1036 2667 1100 2689 rue
1120 2655 1385 2698 Grand-Pont,
1411 2656 1547 2689 etaient
1566 2654 1659 2689 alors
1677 2667 1721 2689 en
1741 2654 1874 2688 dehors
1893 2652 1937 2686 de
1959 2650 1990 2685 la

578 2713 672 2748 ville.

626 2772 677 2816 (3)
704 2772 871 2807 Rainaud
897 2772 941 2807 de
966 2774 1157 2815 Yarcnnc,
1185 2773 1319 2808 second
1345 2773 1398 2807 fils
1421 2773 1465 2808 de
1489 2773 1700 2808 Guillaume
1725 2773 1769 2808 de
1799 2774 1984 2813 Yarenne,

576 2840 695 2867 comte
716 2832 759 2867 tle
778 2833 925 2878 Surrey,
944 2834 1029 2868 etait
1050 2833 1098 2867 ‹lu
1121 2834 1212 2879 parti
1233 2834 1277 2868 de
1295 2833 1701 2869 Guillaume-le-Roux.
