2033 3445
55 339 320 388 [1087-1090]
524 337 676 376 LIBER
705 336 971 376 SEPTIMUS.
1379 336 1455 371 217

52 441 142 489 que
161 425 208 470 in
226 424 412 469 ecclesia
430 424 558 470 Beati
577 422 799 486 Stephani
819 422 1200 485 protomartyris,
1222 437 1327 484 quae
1349 430 1456 464 ante

53 511 145 546 tres
178 516 326 545 annos
355 499 577 545 fabricata
609 499 760 544 suerat
796 497 854 543 ab
884 497 1264 560 archiepiscopo,
1302 495 1456 540 nautis

54 574 316 640 petentibus
336 587 382 622 et
402 576 579 622 cunctis
601 574 802 632 civibus,
824 585 1098 621 reverenter
1116 573 1321 637 positum
1338 582 1422 616 est.

114 653 291 699 Deinde
324 653 568 717 propriam
600 652 840 699 basilicam
873 663 1034 698 sancto
1066 650 1264 697 Nicolao
1296 664 1460 711 coepe-

52 743 185 788 runt,
220 743 527 796 sanctumque
569 748 739 794 corpus
780 741 826 776 et
859 730 1123 776 oblationes
1158 727 1367 774 fidelium
1414 736 1459 771 et

52 826 165 872 opus
195 807 397 855 basilicae
428 807 699 854 venerando
727 807 875 853 Heliae
905 806 1063 852 abbati
1091 804 1455 859 commiserunt,

53 888 293 950 ipsumque
305 887 630 949 praepositum,
649 901 876 932 consensu
891 883 1229 946 archiepiscopi
1245 892 1292 927 et
1301 882 1460 927 favore

51 965 261 1011 omnium
274 1000 287 1022 ,
307 980 446 1027 super
463 963 684 1010 omuibus
704 981 810 1027 quae
829 961 1004 1026 agenda
1031 972 1184 1017 erant,
1211 959 1462 1006 constitue-

51 1052 179 1091 runt.
200 1041 422 1087 Protinus
438 1040 633 1087 diversae
651 1039 978 1087 multitudines
992 1038 1051 1084 ab
1068 1036 1298 1084 universis
1319 1035 1461 1081 totius

50 1120 284 1183 Hesperiae
317 1119 574 1182 provinciis
605 1129 950 1165 convenerunt.
986 1118 1240 1163 Innumera
1272 1129 1462 1178 quoque

51 1196 178 1260 signa
212 1205 258 1241 et
296 1195 520 1242 miracula
561 1193 771 1259 quotidie
810 1193 1036 1240 divinitus
1073 1192 1210 1238 fiunt.
1255 1191 1374 1237 Nam
1414 1189 1460 1234 in

50 1273 206 1335 primo
242 1271 343 1327 die,
384 1271 495 1317 dum
531 1282 744 1318 sanetum
780 1287 951 1334 corpus
988 1272 1034 1316 in
1074 1269 1263 1316 ecclesia
1301 1266 1460 1313 Sancti

50 1349 316 1406 Benedicti,
356 1360 409 1395 ut
448 1348 627 1395 dictum
665 1360 757 1405 est,
797 1348 1062 1412 depositum
1104 1348 1217 1402 suit,
1262 1345 1462 1408 amplius

50 1442 192 1489 quam
212 1442 308 1471 xxx
329 1424 619 1470 infirmantes
644 1424 890 1488 utriusque
910 1440 1043 1469 sexus
1067 1433 1113 1468 et
1133 1421 1287 1468 omnis
1313 1419 1462 1465 aetatis

51 1520 73 1548 a
109 1501 399 1549 multimodis
445 1500 796 1547 infirmitatibus
832 1500 1121 1555 liberantur,
1165 1499 1463 1561 perfectaque

50 1580 245 1625 sanitate
270 1589 481 1642 recepta,
515 1595 621 1623 cum
647 1578 906 1641 gratiarum
932 1580 1117 1623 actione
1143 1575 1238 1621 laeti
1263 1585 1309 1620 et
1334 1575 1460 1619 inco-

51 1657 198 1703 lumes
215 1656 272 1702 ad
288 1656 480 1720 propria
501 1666 729 1702 remeant.
753 1654 870 1700 Aliis
887 1671 1076 1719 quoque
1091 1652 1256 1699 diebus
1271 1667 1465 1716 sequen-

52 1736 107 1781 tis
138 1734 388 1798 temporis,
420 1745 537 1798 quot
565 1732 844 1780 daemoniaci
873 1733 942 1779 vel
972 1731 1124 1787 surdi,
1160 1741 1278 1796 quot
1310 1727 1460 1776 claudi

51 1829 129 1858 seu
165 1812 309 1868 muti,
349 1812 445 1858 sive
484 1811 625 1867 caeci,
670 1821 787 1875 quot
825 1810 1030 1874 denique
1072 1809 1147 1855 alii
1191 1806 1463 1871 multigenis

51 1888 410 1954 aegritudinibus
426 1889 653 1952 oppressi,
675 1889 861 1952 penitus
880 1889 1082 1934 alleviati
1103 1898 1212 1933 sunt
1232 1897 1276 1932 et
1295 1884 1459 1940 sanati,

52 1969 174 2015 notis
203 1967 522 2031 particulatim
553 1967 739 2030 signare
771 1967 1070 2030 negavimus,
1110 1976 1157 2011 et
1193 1979 1458 2010 numerare.

52 2046 265 2092 Infinitus
284 2047 412 2092 enim
432 2056 522 2101 est,
554 2055 605 2090 ut
627 2045 953 2109 aequipollenti
979 2043 1322 2109 significatione
1346 2058 1463 2104 prae-

52 2121 364 2182 ostendimus,
390 2133 438 2169 et
462 2120 597 2169 nobis
625 2123 892 2186 incognitus
915 2139 1155 2167 numerus.

1219 2255 1238 2263 s

55 2282 115 2316 zife
131 2283 250 2317 ouvrit
263 2310 272 2326 ,
290 2281 321 2316 le
340 2289 383 2316 1⁸r
400 2282 548 2316 octobre
572 2293 677 2328 1099,
698 2280 730 2314 le
749 2280 890 2315 celebre
909 2280 1046 2314 concile
1065 2281 1114 2314 ou
1132 2280 1256 2313 surent
1283 2277 1464 2312 discutees

54 2340 351 2375 solennellement
378 2339 427 2375 les
457 2340 645 2387 questions
671 2340 943 2373 controversees
971 2345 1073 2373 entre
1099 2330 1243 2385 l'iljglise
1274 2336 1398 2370 Latine
1427 2343 1464 2369 οἱ

53 2391 194 2446 l'Eglise
207 2399 396 2446 Grecque,
419 2405 454 2433 et
472 2398 809 2445 particulii·renient
827 2397 914 2431 celle
930 2397 974 2431 de
992 2397 1022 2431 la
1042 2397 1251 2444 proccssion
1272 2396 1322 2429 du
1343 2395 1462 2429 Saint-

54 2457 185 2504 Esprit.
214 2459 275 2493 On
303 2458 370 2491 sait
396 2457 515 2504 quelle
542 2464 623 2504 part
646 2457 822 2491 eclatante
841 2468 891 2490 un
910 2457 1035 2490 ancien
1058 2456 1224 2490 habitant
1243 2455 1288 2489 de
1316 2454 1347 2489 la
1371 2455 1463 2488 'Nor-

53 2517 215 2560 mandie,
236 2518 329 2551 saint
346 2516 534 2560 Anselme,
556 2517 781 2564 :ni-clievieqne
793 2516 838 2550 de
849 2516 1091 2563 Canusi-bury,
1109 2516 1183 2562 prit
1197 2517 1214 2549 a
1233 2527 1289 2549 ces
1308 2514 1463 2561 grandes

54 2575 270 2611 discussions
291 2576 555 2624 theologiqucs.
576 2576 605 2610 11
624 2576 740 2623 parait
761 2588 832 2623 quc
856 2575 906 2610 les
923 2583 1071 2610 travaux
1087 2576 1132 2610 de
1150 2575 1402 2610 construction
1418 2574 1463 2607 de

55 2635 189 2683 l’eglise
215 2636 428 2683 superieure
448 2648 484 2670 se
512 2636 729 2671 ralentirent
746 2635 889 2670 ensuite
914 2635 1121 2682 heaucoup;
1142 2648 1201 2670 car
1227 2647 1266 2669 ce
1284 2634 1376 2670 n'est
1392 2646 1464 2681 que

54 2695 88 2730 le
105 2707 148 2731 22
161 2696 243 2742 juin
267 2709 278 2730 1
292 2708 373 2743 199,
396 2704 432 2731 et
450 2709 514 2743 par
532 2698 757 2744 consequent
773 2708 818 2730 au
839 2696 929 2730 bont
947 2695 1035 2730 d'un
1052 2695 1158 2730 siecle
1177 2694 1308 2744 qu’cllc
1328 2694 1401 2736 sut,
1418 2706 1462 2728 cn

55 2763 157 2791 vertu
184 2756 293 2791 d'uuc
321 2756 527 2803 ‹lelegation
555 2757 603 2791 du
632 2770 722 2803 pape
752 2755 875 2790 Pascal
903 2755 959 2797 11,
991 2757 1180 2790 consuesce
1213 2768 1276 2802 par
1294 2754 1459 2795 Conrad,

56 2815 189 2863 eveque
206 2817 251 2851 de
271 2817 500 2852 Hildesheim
520 2824 556 2852 ct
569 2816 774 2851 chancolier
794 2816 838 2851 de
857 2815 889 2850 la
904 2828 992 2850 cour
1006 2816 1165 2863 Auliqur·
1184 2815 1228 2850 dc
1247 2814 1464 2860 l'cnipcrcur

57 2875 170 2910 Heni-i
190 2877 257 2912 Vl.
