2033 3445
48 326 182 375 [ιω-2]
521 321 673 358 LIBER
704 319 970 357 sEPTlMUs.
1378 324 1449 359 :221

48 411 175 456 tione
215 415 310 464 xva,
349 407 463 453 dens
505 408 612 453 almi
653 406 929 452 confessoris
970 404 1148 451 Nicolai
1171 443 1181 461 ‚
1211 424 1318 453 cum
1357 409 1458 454 aliis

48 487 326 531 Sanctorum
356 483 566 548 reliquiis
599 500 622 527 a
653 481 910 528 Guillelmo
942 481 1160 527 Pantulso
1196 482 1253 528 de
1289 483 1457 546 Apulia

47 561 222 607 delatus
241 570 332 615 est,
358 570 404 605 et
423 560 469 605 in
491 558 677 605 basilica
699 558 1002 613 Noromensi‚
1033 558 1080 603 in
1106 556 1288 605 honore
1312 561 1457 606 sancti

48 638 171 685 Petri
188 638 344 700 prisco
364 648 579 699 tempore
599 636 805 692 condita,
827 635 1089 682 honorifice
1109 647 1363 700 susceptus.
1386 637 1457 682 Ad

50 715 166 761 hanc
176 715 338 778 utique
352 714 694 777 susceptionem
703 713 952 777 Rogerius,
966 713 1453 777 Uticensis·abbas(1),

50 804 96 839 et
116 791 355 847 Radulfus,
389 802 499 838 tunc
520 792 746 854 temporis
777 791 1008 854 Sagiensis
1035 789 1201 847 abbas,
1232 791 1310 837 sed
1326 803 1456 855 post-

48 869 240 917 modum
283 869 631 915 Cantuariensis
675 868 1050 932 archiepiscopus
1094 869 1164 931 (2)
1185 906 1196 925 ‚
1248 871 1456 916 accersiti

50 959 179 1004 sunt,
198 958 246 994 et
270 965 377 993 cum
398 947 577 1011 ingenti
603 946 759 993 studio
779 946 1148 1003 monachorum,
1173 965 1225 993 ac
1250 947 1459 1011 tripudio

52 1025 300 1081 laicorum,
333 1036 511 1071 sanctas
538 1025 758 1088 reliquias
784 1041 943 1070 mense
966 1025 1101 1088 junio
1129 1037 1457 1089 susceperunt,

52 1114 97 1149 et
131 1104 178 1149 in
211 1114 429 1168 argentea
466 1102 622 1167 pixide
659 1121 682 1149 a
714 1102 984 1167 supradicto
1018 1104 1168 1149 milite
1202 1103 1462 1151 liberaliter

50 1192 207 1244 parata
240 1180 493 1245 diligenter
525 1192 882 1245 coaptaverunt.
919 1180 1213 1245 Frequenter
1243 1199 1265 1226 a
1300 1181 1461 1227 multis

50 1257 455 1318 febricitantibus,
498 1270 544 1305 et
582 1258 641 1305 ab
685 1259 786 1305 aliis
836 1258 1178 1321 aegrotantibus
1216 1259 1460 1322 saepedicta

51 1337 249 1401 pignora
280 1337 502 1401 requisita
528 1347 658 1393 sunt,
692 1337 966 1400 meritisque
993 1337 1101 1383 almi
1136 1338 1349 1400 praesulis
1373 1338 1462 1383 Ni-

53 1414 169 1460 colai
195 1413 269 1477 pie
292 1414 581 1477 postulantes
604 1424 813 1477 optatam
837 1415 1084 1459 sanitatem
1108 1412 1262 1477 adepti
1288 1426 1413 1460 sunt.

119 1490 226 1537 Non
256 1492 409 1539 multo
434 1503 539 1555 post
562 1491 782 1555 praefatus
805 1490 942 1536 heros
971 1507 1105 1535 novae
1132 1490 1335 1537 basilicae
1361 1492 1464 1537 sun-
1498 1504 1502 1508 ·

54 1566 270 1614 damenta
286 1568 540 1624 inchoavit,
559 1567 768 1632 datisque
783 1584 845 1614 xx
859 1568 1029 1613 marcis
1043 1569 1225 1632 argenti
1247 1586 1462 1633 magnam

54 1646 207 1709 operis
232 1658 414 1710 partem
440 1645 601 1693 edidit.
634 1645 722 1692 Sed
756 1645 970 1709 pluribus
1006 1646 1276 1691 infortuniis
1309 1650 1464 1693 insurn

54 1723 270 1788 gentibus
293 1742 409 1789 opus
436 1724 713 1788 impeditum
739 1736 827 1777 est,
862 1735 907 1769 et
937 1724 990 1769 ad
1025 1723 1272 1779 ellectum,
1309 1726 1465 1788 primo

53 1802 299 1849 fundatore
323 1803 583 1860 moriente,
611 1801 890 1865 perductum
915 1819 1010 1848 non
1038 1813 1123 1847 est.
1149 1803 1251 1865 lpse
1275 1803 1465 1867 quidem

56 1886 102 1924 x⁰
119 1887 187 1925 vl⁰
202 1878 421 1925 kalendas
444 1880 578 1936 maii,
606 1890 651 1925 et
675 1879 863 1925 Leelina
892 1896 1011 1926 uxor
1035 1880 1130 1942 ejus
1155 1885 1226 1924 ΧΨ
1248 1877 1466 1926 kalendas

56 1956 262 2003 octobris
278 1956 483 2004 defuncti
505 1968 631 2014 sunt,
656 1967 702 2003 et
724 1956 898 2002 ibidem
921 1958 965 2002 in
987 1957 1191 2003 claustro
1209 1958 1467 2005 monacho-

59 2050 163 2078 rum
183 2034 352 2097 sepulti
373 2035 692 2098 requiescunt.
716 2032 804 2080 Sed
821 2032 1065 2097 Philippus
1088 2044 1134 2079 ct
1158 2033 1392 2080 Robertus
1416 2054 1467 2081 ac

59 2110 139 2157 lvo
159 2121 206 2157 et
225 2110 476 2170 Arnulsus,
498 2112 580 2158 filii
602 2128 792 2168 eorum,
817 2110 965 2156 studia
984 2122 1235 2174 parentum
1260 2113 1305 2157 in
1326 2113 1468 2159 eccle-

61 2187 248 2235 siasticis
302 2188 442 2236 rebus
494 2189 697 2252 perfecte
746 2188 924 2252 assequi
977 2187 1191 2235 nondum
1249 2189 1468 2236 intende-

61 2277 173 2312 runt
201 2267 290 2330 (5).
320 2268 433 2313 Haec
466 2267 621 2331 itaque
646 2265 703 2312 de
729 2266 1034 2312 translatione
1069 2267 1283 2329 corporis
1320 2269 1464 2313 sancti

107 2408 156 2453 (ι)
176 2408 299 2455 Roger
319 2407 368 2441 du
386 2408 468 2454 Sap.

108 2469 158 2514 (2)
177 2467 294 2503 Raoul
311 2460 492 2502 d’Ecures.
516 2468 638 2513 “Voyez
656 2466 849 2508 ci-dessus‚
872 2478 905 2512 p.
928 2465 979 2500 16.

109 2526 157 2573 (5)
179 2528 302 2574 Voyez
320 2530 338 2562 a
355 2540 426 2574 peu
445 2528 528 2574 pres
546 2527 595 2561 les
615 2527 750 2562 memes
769 2525 897 2560 details
920 2525 1009 2560 dans
1033 2526 1083 2560 les
1101 2527 1236 2561 memes
1261 2534 1392 2563 termes
1417 2531 1466 2563 ci-

64 2587 203 2631 dessus,
221 2595 248 2623 t.
267 2589 324 2631 ss,
347 2601 379 2634 p.
400 2586 479 2630 454.

109 2646 168 2682 On
186 2649 259 2682 voit
278 2647 413 2695 figurer
429 2647 504 2682 l’un
520 2647 564 2682 dc
579 2659 635 2681 ecs
653 2657 913 2694 personnageS,
936 2644 1075 2679 Robert
1094 2646 1267 2688 Pantoul‚
1288 2649 1403 2692 parmi
1422 2649 1471 2683 los

65 2706 276 2753 spoliateurs
301 2708 346 2742 de
372 2708 546 2754 l'Abbayc
573 2720 640 2742 aux
667 2707 798 2741 Dames
815 2705 860 2739 de
888 2706 1006 2747 caen,
1032 2706 1136 2752 apri-s
1161 2705 1192 2739 la
1222 2714 1318 2740 mort
1343 2707 1389 2741 du
1417 2711 1471 2744 roi

64 2767 291 2810 Guillaume,
312 2775 348 2803 ct
367 2767 438 2803 l’ou
459 2768 582 2802 evaluc
601 2770 617 2801 a
639 2767 691 2801 six
713 2766 817 2800 lix-res
840 2765 1024 2811 d’argent,
1045 2764 1133 2798 dans
1158 2764 1188 2799 lc
1211 2766 1402 2800 cai-inlam-
1427 2769 1471 2802 (1(-

65 2827 239 2874 l'abbaye,
262 2828 311 2863 les
335 2835 453 2874 pertis
477 2829 619 2863 rausecs
643 2840 706 2874 par
734 2838 787 2860 ses
813 2825 1066 2859 devastationis
1096 2826 1154 2859 On
1182 2826 1323 2871 conqoit
1350 2827 1470 2861 sacili*-
