2085 3455
537 318 608 353 166
896 313 1136 350 HISTORIA
1170 311 1569 349 ECCLESIASTICA⁴¹

581 401 695 455 Odo,
710 401 908 462 Sutviae(
922 420 930 445 ι
943 401 961 463 )
976 417 1149 456 comes,
1170 400 1396 446 invasoris
1407 397 1639 443 Witberti
1658 413 1805 459 nepos
1819 407 1940 454 erat,

528 481 785 542 omnesque
803 488 899 522 tam
918 478 1194 540 peregrinos
1213 494 1353 540 quam
1374 474 1613 539 indigenas
1629 489 1746 538 quos
1760 483 1944 536 poterat

529 556 586 602 ad
602 555 828 602 nefariam
846 565 1028 618 partem
1047 553 1296 600 deflectere
1317 554 1360 599 vi
1382 552 1695 616 precibusque
1719 549 1943 597 elabora—

526 633 625 689 bat,
644 643 691 679 et
706 633 975 678 resistentes
990 630 1344 695 indebitamque
1360 629 1701 694 subjectionem
1718 626 1944 673 haeretico

527 709 811 774 denegantes
847 707 1123 773 torquebat,
1160 718 1239 753 aut
1262 718 1417 753 morte
1440 707 1570 753 ferali
1607 703 1851 768 puniebat.
1891 704 1944 748 In

529 798 657 833 tanta
693 786 979 834 obscuritate
1012 785 1239 832 catholica
1278 784 1495 849 gemebat
1530 782 1736 830 Ecclesia
1756 817 1766 835 ‚
1805 798 1946 828 orans

528 865 809 920 Dominum,
829 865 911 928 qui
932 880 1040 910 vera
1063 864 1139 910 lux
1162 874 1228 909 est
1251 875 1296 910 et
1312 864 1512 928 justitia,
1538 874 1612 918 ut,
1636 859 1884 925 prostratis
1900 870 1946 905 et

529 943 695 988 ablatis
712 941 958 988 discordiae
983 940 1255 988 auctoribus
1270 977 1282 996 ,
1306 957 1465 1005 pacem
1493 951 1538 986 et
1560 939 1807 985 veritatem
1828 954 1947 983 con-

529 1023 675 1067 ferret
699 1020 747 1066 in
777 1031 901 1066 terra
925 1019 1069 1065 bonae
1095 1020 1348 1066 voluntatis
1368 1017 1659 1065 hominibus.

594 1098 652 1143 V.
679 1099 719 1161 [1
735 1101 868 1160 (ηδ-ι
882 1101 939 1142 OS
957 1098 1082 1159 1.]In
1097 1096 1262 1143 diebus
1276 1097 1368 1142 illis
1382 1098 1607 1161 eloquens
1621 1097 1801 1143 Graecia
1816 1096 1946 1160 gravi

530 1176 768 1223 bellorum
797 1175 988 1221 turbine
1019 1175 1344 1239 quatiebatur,
1382 1186 1428 1220 et
1465 1174 1736 1238 ingentibus
1767 1174 1950 1220 damnis

530 1254 696 1300 afflicta
714 1290 726 1309 ,
753 1252 925 1299 timore
951 1263 997 1298 et
1021 1253 1151 1299 luctu
1176 1252 1354 1298 affatim
1379 1251 1668 1315 replebatur.
1694 1251 1949 1297 Bitinacius

531 1329 659 1377 enim
691 1330 886 1377 Graecus
903 1367 912 1385 ,
947 1330 1107 1376 nimiae
1137 1329 1404 1393 cupiditatis
1426 1340 1472 1375 et
1497 1329 1754 1392 proterviae
1780 1328 1950 1391 spiritu

535 1408 868 1465 inflammatus,
893 1409 1146 1471 imperium
1164 1409 1349 1464 invasit,
1369 1407 1666 1462 Michaelem,
1689 1405 1951 1453 Constanti-

535 1488 867 1550 nopolitanum
888 1488 1242 1549 imperatorem,
1265 1486 1322 1532 de
1342 1502 1492 1549 regno
1511 1486 1709 1548 expulit,
1733 1495 1780 1530 et
1800 1484 1950 1531 filium

533 1567 646 1630 erS,
664 1567 742 1629 qui
765 1566 811 1610 in
830 1582 980 1629 regno
999 1566 1039 1611 ei
1058 1564 1306 1611 succedere
1324 1564 1536 1620 deberet,
1559 1563 1708 1610 oculis
1724 1562 1947 1626 privavit,

533 1653 579 1689 et
593 1643 639 1688 in
654 1658 841 1688 carcere
856 1640 1161 1704 compedibus
1177 1641 1482 1699 constrinxit,
1496 1640 1613 1686 filias
1627 1638 1739 1684 duas
1752 1637 1951 1685 Roberti

534 1719 798 1776 VViscardi,
825 1737 1028 1784 quarum
1059 1736 1203 1765 unam
1239 1718 1362 1764 idem
1391 1718 1577 1782 juvenis
1611 1715 1948 1780 desponderat,

536 1795 758 1843 custodiar:¹
780 1795 1083 1860 mancipavit.
1108 1795 1419 1842 Perturbatus
1441 1811 1557 1841 vero
1581 1792 1780 1839 'Michael
1804 1793 1852 1837 in
1872 1793 1954 1837 lta-

536 1875 645 1921 liam
672 1875 912 1938 confugit,
940 1874 1261 1938 auxiliumque
1293 1873 1688 1920 Normannorum
1720 1870 1835 1927 sibi,
1873 1887 1953 1916 so-

536 1952 727 2017 bolique
746 1970 839 1998 suae
866 1951 1109 1998 humiliter
1130 1951 1415 2015 efflagitavit.
1443 1949 1772 2014 Magnanimus
1796 1958 1952 1994 autem

536 2030 810 2077 Wiscardus
834 2029 929 2076 dux
949 2029 1173 2094 Augustae
1198 2030 1449 2093 majestatis
1472 2028 1661 2075 exulem
1691 2025 1955 2074 honorifice

535 2108 760 2171 suscepit,
788 2106 1026 2171 obsequiis
1056 2117 1103 2152 et
1126 2106 1365 2153 favoribus
1398 2105 1591 2162 lenivit,
1619 2115 1664 2151 et
1700 2103 1950 2167 multiplex

539 2254 745 2301 longtemps
772 2254 876 2300 apres
904 2253 937 2286 la
965 2261 1062 2287 mort
1081 2253 1126 2288 de
1155 2253 1339 2299 Gregoire
1362 2253 1446 2287 VII.
1474 2252 1536 2288 On
1564 2251 1709 2286 connait
1732 2251 1765 2284 le
1793 2250 1954 2298 distiquc

539 2312 869 2360 epigrammatique
894 2314 943 2347 ou
968 2313 992 2346 il
1012 2312 1114 2347 raille
1132 2312 1273 2347 Urbain
1293 2312 1328 2346 II
1354 2324 1415 2347 sur
1442 2312 1475 2346 le
1500 2324 1570 2358 peu
1595 2310 1640 2345 de
1660 2321 1888 2344 convenance
1908 2308 1951 2343 de

540 2383 602 2405 sou
623 2383 708 2404 nom
727 2383 810 2405 avec
827 2383 865 2405 sa
884 2370 1021 2418 qualite
1041 2370 1170 2405 d’exile
1191 2370 1236 2405 de
1254 2371 1371 2405 Rome
1388 2371 1400 2414 (
1419 2370 1548 2414 Urbs).

755 2445 868 2472 Dieeris
887 2444 1035 2478 Urbanus,
1054 2456 1119 2472 cum
1134 2446 1175 2473 sis
1188 2444 1338 2484 projectus
1353 2445 1391 2472 ab
1409 2444 1481 2473 urbe
1490 2458 1502 2477 ‚-

759 2499 815 2527 Vel
832 2509 914 2528 muta
934 2511 1037 2528 nomen
1050 2515 1059 2533 ,-
1077 2500 1130 2528 vel
1146 2500 1320 2539 regrediaris
1336 2500 1377 2527 ad
1391 2500 1503 2528 urbem.

588 2573 638 2616 (ι)
654 2571 770 2612 Satri,
793 2570 875 2604 ville
891 2570 1092 2616 episcopale
1104 2570 1153 2604 du
1169 2571 1388 2617 patrimoine
1403 2569 1448 2603 de
1459 2568 1726 2610 Saint-Pierre,
1742 2579 1804 2601 sur
1816 2567 1849 2600 la
1863 2567 1952 2600 Poz‹

541 2632 627 2666 zola.
643 2630 680 2666 Si
701 2643 765 2665 son
785 2630 954 2677 seigneur
971 2631 1045 2676 prit
1062 2631 1156 2677 parti
1175 2638 1301 2666 contre
1316 2630 1348 2664 le
1367 2642 1476 2676 pape,
1496 2635 1532 2663 et
1549 2629 1737 2675 persevera
1751 2626 1839 2660 dans
1857 2632 1952 2660 cette

543 2690 706 2726 bostilite
720 2691 892 2737 jusqu'au
913 2690 1097 2736 pontificat
1115 2691 1295 2725 d⁷Urbain
1316 2691 1368 2733 ll,
1390 2701 1531 2723 comme
1548 2700 1638 2722 nous
1652 2687 1683 2721 le
1701 2698 1849 2722 verrens
1864 2685 1952 2720 dans

542 2750 573 2784 le
593 2749 681 2784 livre
698 2749 857 2790 suivant,
881 2747 905 2782 il
921 2760 966 2782 cn
982 2748 1033 2782 fut
1056 2756 1136 2784 tout
1155 2755 1357 2783 auin-enum
1378 2748 1421 2782 (lc
1443 2760 1506 2781 son
1525 2746 1659 2793 echue
1673 2746 1837 2791 Bonigon
1851 2772 1858 2783 ,
1877 2746 1953 2790 pre-

541 2807 588 2841 lat
612 2808 773 2841 eminent
799 2819 861 2853 par
882 2819 914 2839 sa
939 2808 1032 2852 pieta.
1055 2815 1090 2841 ct
1112 2821 1172 2841 son
1199 2808 1324 2847 sav-wir,
1353 2820 1421 2853 qur
1452 2806 1667 2851 l'emprwur
1689 2804 1721 2835 fi?
1748 2802 1949 2849 prisouniei:

543 2868 629 2901 clau<
650 2867 683 2901 la
702 2879 899 2912 campagis?
921 2867 957 2899 ‹ls
989 2866 1083 2900 1083
