2085 3455
541 279 618 317 :348
907 279 1148 317 HISTORIA
1181 277 1583 315 ECCLESIASTICA.
1814 284 1951 333 [1090]

542 366 774 429 persecuti
797 376 929 424 sunt,
959 368 1116 430 eisque
1138 364 1439 411 saevientibus
1461 365 1772 412 Ebroicenses
1794 369 1953 415 relicta

541 443 700 507 praeda
732 444 973 508 sugerunt.
1018 445 1152 489 Tunc
1181 442 1460 488 Guillelmus
1504 443 1809 490 Bretoliensis
1850 461 1955 491 cum

542 522 760 585 pluribus
779 534 939 585 captus
964 532 1052 578 est,
1076 532 1122 567 et
1141 520 1386 567 victoriam
1410 520 1675 584 hujusmodi
1695 539 1785 584 pax
1805 533 1953 568 secuta

543 610 628 645 est.
666 598 978 646 Ebroicenses
1012 600 1168 655 enim,
1205 598 1534 645 erubescentes
1574 597 1704 662 quod
1739 616 1958 663 guerram

544 677 744 740 superbe
766 687 1039 741 coeperant‚
1060 687 1106 722 et
1128 676 1234 722 inde
1258 677 1451 722 maximi
1477 675 1661 740 pondus
1685 675 1956 723 detrimenti

545 771 653 799 cum
672 753 901 799 dedecore
921 753 1218 816 pertulerant
1232 788 1244 808 ‚
1267 753 1531 799 conditioni
1552 753 1676 816 pacis
1694 762 1801 815 post
1818 753 1960 798 trien-

545 829 701 875 nalem
724 846 946 892 guerram
969 827 1336 892 adquieverunt,
1363 840 1408 874 et
1428 829 1474 874 in
1502 847 1649 874 unum
1676 829 1959 875 convenien-

547 916 631 962 tes,
653 904 919 969 hujusmodi
937 915 1125 967 pactum
1143 905 1568 951 confirmaverunt.
1591 905 1870 951 Guillelmus
1891 906 1959 968 (1)

545 983 780 1029 avunculo
816 1000 900 1029 suo
935 981 1185 1045 Radulpho
1208 983 1298 1028 tria
1324 983 1472 1029 millia
1510 982 1742 1029 librarum
1774 999 1862 1045 pro
1889 998 1960 1027 re-

545 1059 818 1123 demptione
833 1078 912 1106 sua
927 1059 1073 1117 dedit,
1091 1071 1137 1106 et
1151 1060 1429 1124 Rogerium,
1450 1060 1793 1109 consobrinum
1805 1077 1957 1115 suum,

545 1137 730 1184 Radulfi
745 1137 896 1184 filium
915 1139 1002 1201 92),
1024 1139 1168 1184 totius
1183 1139 1300 1202 juris
1319 1140 1385 1184 sui
1403 1138 1626 1185 heredem
1641 1139 1768 1184 fecit.
1788 1136 1960 1184 Ebroi-

547 1216 695 1262 censis
713 1233 904 1281 quoque
924 1233 1079 1262 comes
1100 1216 1319 1262 eumdem
1338 1217 1615 1281 Rogerium‚
1640 1227 1805 1281 utpote
1822 1232 1962 1279 nepo-

549 1304 642 1340 tem
673 1312 832 1351 suum,
860 1295 1130 1341 consulatus
1149 1294 1217 1340 sui
1241 1294 1462 1341 heredem
1487 1296 1749 1342 constituit.
1778 1293 1868 1340 Sed
1886 1293 1962 1339 di-

547 1372 654 1417 viua
674 1370 941 1435 dispositio,
969 1390 1074 1436 quae
1101 1372 1294 1418 nutibus
1321 1372 1537 1419 humanis
1565 1390 1663 1420 non
1695 1370 1960 1435 subjicitur,

546 1448 673 1495 aliud
690 1449 916 1513 providit.
940 1449 1071 1496 Idem
1086 1451 1269 1514 juvenis
1286 1450 1499 1497 moribus
1516 1450 1716 1514 egregiis
1735 1447 1960 1513 pollebat,

547 1536 594 1571 et
628 1529 810 1573 cunctis
841 1527 1076 1573 sodalibus
1109 1545 1161 1574 ac
1198 1527 1416 1592 subjectis
1442 1527 1693 1574 clientibus
1720 1537 1766 1573 et
1799 1526 1966 1572 vicinis

548 1602 803 1651 admodum
825 1604 1038 1650 amabilis
1058 1616 1174 1651 erat.
1204 1605 1412 1651 Clericos
1442 1616 1488 1651 et
1519 1605 1775 1652 monachos
1797 1603 1966 1667 dilige-

550 1681 631 1727 bat
675 1693 722 1728 et
762 1693 1088 1745 competenter
1134 1682 1420 1729 honorabat.
1464 1683 1685 1729 Pretiosis
1732 1680 1961 1737 vestibus,

549 1758 720 1823 quibus
737 1758 927 1822 superbi
950 1760 1090 1805 nimis
1111 1760 1422 1819 insolescunt,
1448 1760 1514 1805 uti
1535 1758 1899 1823 dedignabatur,
1921 1769 1965 1804 et

551 1838 599 1883 in
625 1838 757 1884 omni
781 1855 875 1883 esse
898 1855 982 1884 suo
1001 1854 1094 1883 sese
1114 1836 1326 1884 modeste
1343 1854 1509 1902 regere
1527 1837 1784 1884 nitebatur.
1810 1836 1968 1896 Quon-

549 1914 659 1961 dam
684 1916 858 1962 milites
891 1915 1030 1962 otiosi
1057 1916 1195 1962 simul
1218 1917 1265 1962 in
1298 1917 1401 1962 aula
1424 1917 1494 1979 (3)
1517 1915 1719 1962 Conchis
1740 1914 1968 1961 ludebant

549 2003 596 2038 et
607 1993 1022 2057 colloquebantur,
1038 2005 1084 2039 et
1097 2010 1259 2040 coram
1275 1993 1468 2040 domina
1484 1992 1727 2040 Elisabeth
1742 1992 1800 2040 de
1814 1992 1967 2039 diver-

550 2070 608 2115 sis
632 2070 912 2117 thematibus
929 2107 941 2126 ,
968 2081 1021 2117 ut
1039 2088 1140 2118 mos
1170 2082 1239 2117 est
1265 2071 1556 2136 hujusmodi,
1590 2069 1965 2119 confabulaban-

552 2160 648 2195 tur.
669 2151 804 2196 Tunc
825 2150 1018 2214 quidam
1041 2168 1206 2197 eorum
1225 2150 1366 2209 dixit3
1388 2151 1560 2216 ZVuper
1584 2150 1683 2197 vidi
1705 2150 1963 2206 somnium,

552 2245 648 2292 quo
672 2228 819 2274 valde
842 2234 1028 2274 territus
1047 2247 1171 2274 sum.
1200 2229 1444 2275 Videbam
1469 2229 1733 2275 Dominum
1754 2231 1801 2272 in
1828 2243 1966 2274 cruce

535 2305 726 2369 fixum,
760 2306 819 2352 de
849 2318 941 2353 toto
976 2324 1173 2372 corpore
1198 2307 1438 2364 liventem,
1467 2323 1661 2370 seseque
1694 2306 1841 2369 quasi
1867 2321 1966 2368 proe

552 2386 782 2447 angustia
802 2385 943 2429 nimis
965 2395 1251 2448 lorquentem
1267 2423 1279 2441 ,
1303 2401 1470 2448 meque
1488 2383 1690 2430 {erribilc'
1711 2386 1818 2428 visu
1838 2383 1967 2446 aspi-

550 2461 769 2505 cientem.
798 2460 928 2506 Talia
954 2461 1195 2517 narranti,
1221 2461 1302 2525 qui
1326 2459 1547 2518 aderant,
1575 2459 1800 2506 dixerunt
1821 2479 1830 2504 ε
1858 2458 1967 2505 Hoc

595 2610 645 2654 (1)
666 2608 878 2644 Guillaume
897 2608 941 2643 de
961 2609 1133 2643 Breteuil.

601 2668 650 2714 (2)
673 2668 796 2715 Roger
817 2668 862 2703 de
884 2669 1020 2711 Toeni,
1045 2668 1179 2703 second
1200 2669 1253 2702 fils
1271 2668 1315 2702 de
1338 2668 1454 2702 Raoul
1474 2667 1518 2702 dc
1539 2668 1719 2702 Conches.

596 2727 846 2775 (5)Qucls111‹·s
862 2730 1025 2775 partious
1041 2729 1088 2762 ‹lu
1109 2729 1274 2766 chateau,
1295 2729 1385 2764 dont
1398 2735 1492 2764 cette
1509 2728 1592 2763 salle
1609 2728 1722 2763 saisail
1740 2728 1868 2773 partie,
1886 2725 1964 2759 sub-

553 2790 679 2822 sistunt
698 2799 841 2821 encore.
