2033 3445
79 336 189 385 [944]
585 327 731 366 LlBER
760 326 969 365 SEXTUS.
1430 331 1481 366 99

78 421 242 467 furtim
269 420 510 482 privarent
536 413 767 469 Francos,
802 411 1094 458 metuebant.
1128 411 1365 474 Benignus
1397 431 1485 459 au-

81 510 176 544 tem
201 495 452 549 Dominus,
486 493 566 556 qui
594 507 819 537 erroneos
849 489 1094 544 verberat,
1130 499 1183 534 ut
1216 499 1400 535 rectum
1429 492 1483 536 ad

80 576 245 622 callem
273 571 486 627 reducat,
519 585 770 616 conversos
795 579 995 631 paterno
1025 566 1195 613 alseetu
1225 566 1485 625 demulcet,

80 651 301 713 mirisque
323 645 473 693 modis
497 643 817 708 indigentibus
841 644 1118 707 suffragium
1142 642 1348 688 exhibet.

142 725 297 771 Prima
322 732 462 769 nocte
486 732 593 785 post
615 721 794 767 exitum
820 719 878 766 de
905 719 1149 774 Neustria,
1185 719 1418 766 exereitus
1444 719 1490 764 in

81 804 184 849 loco
206 801 285 866 qui
306 800 506 862 Campus
524 797 697 845 dicitur
714 799 805 861 (1),
834 806 1189 843 castrametatus
1210 806 1295 852 est,
1318 807 1364 842 et
1387 807 1493 859 post

81 878 415 925 comestionem
434 893 586 923 coenae
606 893 630 922 a
648 874 929 940 quibusdam
947 874 1165 938 parasitis
1186 874 1423 920 cavillatio
1446 885 1492 920 et

83 959 368 1019 incongruus
401 970 556 1000 sermo
585 965 775 1001 exortus
807 964 891 1000 est.
931 951 1069 998 Unde
1097 951 1290 1016 quidam
1322 951 1494 998 mimus

80 1034 185 1080 duci
205 1035 363 1097 jocose
385 1031 504 1079 dixit
532 1053 541 1077 :
567 1032 808 1077 ZVotumne
837 1030 973 1077 vobis
1003 1042 1097 1087 est,
1130 1029 1320 1075 domine
1341 1029 1492 1086 Dux,

83 1111 214 1175 qaod
230 1110 492 1156 Herluinns
511 1109 832 1155 cancellarius
852 1120 895 1154 et
913 1107 1155 1172 Raduffits
1174 1107 1498 1153 cubicularius

64 1187 327 1251 jecerunt?
358 1190 401 1232 C
400 1187 613 1234 (zelavera
639 1186 957 1250 quorumdam
981 1187 1267 1231 rusticorum
1295 1186 1343 1230 in
1367 1184 1499 1231 Nor-

84 1266 280 1311 mannz'a
304 1265 572 1328 effoderunt
587 1302 597 1321 ,
626 1275 668 1310 et
692 1264 819 1310 male
845 1263 1024 1321 delusi,
1054 1275 1251 1310 sanctas
1271 1262 1497 1326 reliquias

85 1360 182 1388 esse
200 1353 451 1407 putantes,
475 1344 524 1388 in
548 1341 741 1407 capella
766 1352 848 1387 tua
874 1340 1244 1396 collocaverunt,
1272 1352 1314 1386 et
1339 1359 1496 1386 secum

86 1424 135 1465 in
167 1419 385 1465 Galliam
409 1431 666 1465 reverenter
686 1416 922 1481 dejerant.
951 1418 1164 1481 Cumque
1186 1416 1282 1463 dux
1305 1418 1498 1464 nomina

86 1514 252 1543 eorum
294 1497 585 1561 inquisisset,
621 1496 861 1560 joculator
897 1496 962 1540 ait
998 1515 1007 1539 ε
1040 1494 1301 1558 Ebrzclsus,
1338 1494 1500 1541 Ebre-

86 1574 293 1619 mundus
331 1585 374 1619 et
417 1573 699 1620 Ansbercus.
746 1573 898 1619 Porro
943 1572 1112 1618 Franci
1133 1608 1144 1628 ,
1190 1573 1297 1636 quia
1344 1572 1501 1618 minus

85 1652 249 1697 usitata
275 1651 366 1697 illis
392 1662 543 1697 essent
568 1650 667 1697 haec
690 1650 915 1697 vocabula
932 1687 942 1706 ‚
970 1661 1017 1696 et
1041 1651 1296 1696 nescissent
1325 1660 1499 1714 quanta

86 1728 442 1792 praenominatis
471 1729 583 1774 viris
614 1740 721 1774 ante
750 1730 902 1774 Deum
930 1728 978 1774 in
1007 1729 1143 1774 coelis
1173 1739 1289 1774 esset
1319 1728 1468 1792 gloria
1487 1764 1497 1782 ,

86 1805 296 1851 dissoluti
317 1816 427 1851 sunt
444 1806 492 1852 in
506 1806 653 1851 multa
672 1805 814 1851 verba
834 1806 980 1852 otiosa
997 1817 1043 1851 et
1057 1804 1304 1852 derisoria.
1322 1805 1502 1852 Deinde

88 1883 239 1945 prima
264 1883 414 1929 noctis
438 1883 596 1946 vigilia
612 1918 624 1938 ,
653 1894 706 1928 ut
728 1883 858 1946 quies
880 1883 1032 1929 somni
1058 1883 1282 1929 mortales
1307 1900 1500 1946 oppres-

90 1962 170 2017 sit,
199 1960 469 2007 Altitonans
492 1961 550 2006 de
575 1961 701 2007 coelo
734 1960 1014 2007 terribiliter
1038 1961 1276 2018 intonuit,
1304 1961 1500 2007 fulmina

91 2056 199 2085 cum
229 2040 388 2085 nimiis
415 2039 816 2087 coruscationibus
844 2040 1021 2096 emisit,
1053 2040 1368 2104 joculatorem
1394 2057 1500 2086 cum

90 2116 224 2162 sociis
255 2115 594 2173 nebulonibus,
631 2117 709 2181 qui
745 2117 913 2163 sanctis
937 2117 1148 2180 reliquiis
1170 2115 1498 2173 detraxerant,

88 2193 337 2255 percussit3
365 2193 535 2257 quibus
557 2195 798 2249 extinctis,
823 2194 991 2241 ducem
1010 2206 1056 2240 et
1078 2206 1231 2241 totum
1249 2195 1345 2259 ejus
1367 2211 1502 2241 exer-

90 2270 234 2316 eitum
256 2269 377 2316 haud
395 2270 580 2317 modice
596 2272 872 2334 perterruit.
893 2273 944 2318 In
970 2273 1226 2317 crastinum
1249 2289 1388 2318 mane
1406 2271 1500 2318 dux

91 2363 283 2392 omnem
307 2349 566 2394 exercitum
591 2349 890 2404 convocavit,
922 2349 1203 2395 cancellario
1232 2360 1388 2395 saneta
1421 2366 1502 2395 re*

91 2435 308 2471 verenter
343 2424 512 2471 deferri
551 2437 657 2472 ante
692 2444 738 2472 se
773 2443 970 2490 corpora
1007 2428 1258 2490 praecepit,
1296 2438 1342 2472 et
1370 2429 1498 2473 omni

92 2502 311 2548 exercitui
332 2503 465 2566 jussit
493 2515 569 2558 ut,
602 2515 854 2568 antequam
878 2503 934 2549 de
968 2504 1074 2551 loeo
1104 2504 1185 2550 illo
1210 2506 1497 2569 migrarent.

93 2578 259 2624 sanetis
281 2580 492 2644 reliquiis
513 2579 680 2627 devote
699 2581 945 2627 offerrent.
968 2581 1169 2628 Flebiles
1191 2598 1381 2647 quoque
1404 2599 1503 2627 mo-

106 2820 111 2824 .
136 2770 187 2813 (i)
206 2771 383 2819 Champs.
409 2781 539 2809 canton
562 2774 606 2808 (lo
629 2776 860 2812 Tonrouvro,
883 2775 972 2810 dont
998 2775 1133 2821 l'eglise
1153 2784 1200 2810 css!
1225 2776 1352 2809 dodum
1371 2777 1387 2807 i·
1409 2782 1496 2808 amn!

96 2829 259 2869 liwmilt,
284 2832 553 2876 probablomont
575 2847 617 2867 vn
641 2836 815 2869 momnis«—
835 2834 878 2867 clo
898 2843 950 2868 fvt
973 2838 1180 2869 &venonwnl
