2085 3455
582 298 631 334 liss
944 296 1180 335 HISTORIA
1212 298 1605 338 ECCLESIASTICA‚

763 381 1011 427 Presbytero-³,
1037 384 1246 427 monachos,
1268 385 1407 427 viduas,
1429 399 1538 432 aegros
1557 394 1591 421 et
1611 399 1740 432 egenos

762 441 910 486 Semper
927 441 1136 485 honoravit,
1163 444 1348 491 multoque
1362 446 1544 489 juvamine
1561 447 1658 481 fovit.

761 499 865 534 Casta
884 499 953 534 suit
970 507 1109 534 tantum
1121 529 1128 543 ‚
1150 501 1248 548 quod
1267 502 1385 537 nullus
1402 516 1479 537 eam
1496 503 1716 538 nebulonum

763 556 940 591 Insamare
957 557 1072 603 palam
1090 560 1184 593 notis
1204 568 1434 605 praesumeret
1452 573 1621 608 unquam.

762 617 804 650 In
818 616 944 650 februo
962 616 1095 661 lucem,
1116 630 1185 665 qua
1202 619 1333 652 Petrus
1350 619 1590 664 pontificalem

760 675 979 710 Conscendit
997 676 1203 711 cathedram
1224 678 1290 722 (1),
1310 690 1395 711 nece
1412 685 1576 712 moestam
1594 680 1703 713 sensit
1721 687 1755 714 et
1769 686 1894 714 atram.

761 736 833 770 Pro
848 742 952 770 tantae
970 748 1052 769 casu
1073 735 1226 769 dominae
1244 737 1332 770 ssent
1347 736 1563 778 Alfaienses;

761 796 824 829 Ast
842 795 966 829 animae
987 795 1080 828 Deus
1095 794 1223 828 Aviciae
1240 794 1301 828 det
1321 794 1451 839 gaudia
1466 796 1560 830 vitae!
1576 797 1706 830 Amen.

578 887 840 933 Gualterius
872 897 1023 932 autem
1050 897 1154 948 post
1175 885 1494 933 humationem
1530 889 1736 952 conjugis
1757 888 1852 934 sere
1879 889 1962 934 tri-

577 964 661 1010 bus
683 965 815 1010 anuis
834 965 970 1018 vixit,
1000 974 1045 1008 et
1067 963 1250 1010 diutino
1272 965 1462 1028 langore
1483 966 1727 1022 cruciatus,
1751 965 1967 1012 monachi

579 1043 808 1088 cucullam
827 1041 1000 1098 induit3
1024 1051 1069 1086 et
1087 1042 1225 1104 paulo
1247 1053 1376 1105 post,
1397 1041 1499 1088 data
1521 1044 1806 1090 consessione
1818 1079 1831 1100 ,
1858 1060 1969 1107 per—

579 1128 801 1181 ceptaque
820 1117 1118 1180 poenitentia,
1139 1127 1207 1164 v1⁰
1224 1118 1314 1164 kal.
1337 1119 1457 1181 junii
1475 1118 1609 1164 obiit.
1632 1119 1782 1166 Porro
1802 1136 1969 1182 corpus

579 1192 782 1257 ejusdem
809 1192 1101 1256 Hildegarius
1124 1194 1262 1239 Prior
1284 1193 1337 1239 ad
1368 1193 1506 1257 pedes
1531 1196 1734 1257 praesatae
1761 1195 1969 1258 conjugis

579 1287 671 1316 suae
695 1269 965 1325 tumulavit,
988 1279 1034 1316 et
1058 1268 1222 1316 vitalis
1244 1268 1505 1333 hujusmodi
1530 1272 1703 1317 naenias
1725 1288 1863 1335 super
1887 1271 1968 1317 illo

580 1349 829 1412 prompsit.

763 1457 951 1492 Alfaiensis
969 1458 1078 1491 herus
1095 1457 1304 1492 Gualterius
1323 1459 1381 1492 hic
1398 1459 1612 1505 requiescit3

764 1516 807 1550 In
823 1516 947 1563 requie
964 1528 1043 1550 vera
1062 1517 1160 1550 locus
1177 1516 1227 1550 illi
1245 1524 1419 1563 perpetuo
1437 1518 1500 1552 sit!

764 1575 909 1621 “Viginti
928 1582 1064 1621 septem
1084 1575 1173 1609 soles
1187 1576 1262 1620 jam
1282 1578 1396 1610 maius
1415 1576 1570 1611 habebat
1582 1606 1590 1619 ,

765 1634 860 1668 Dum
880 1635 932 1668 vir
949 1634 1010 1668 hic
1030 1635 1067 1668 in
1085 1635 1251 1669 monachi
1269 1636 1391 1670 tunica
1408 1636 1452 1670 de
1473 1649 1613 1672 carcere
1633 1638 1784 1683 migrat,

766 1693 883 1737 Quem
901 1693 1028 1739 longus
1044 1693 1169 1740 langor
1186 1695 1423 1737 cruciaverat,
1442 1696 1518 1741 ipse
1536 1702 1653 1730 reatus

761 1753 953 1788 Confessus
972 1756 1155 1800 proprios,
1173 1767 1236 1800 per
1249 1761 1284 1788 te
1302 1755 1364 1796 sit,
1385 1755 1548 1798 Christe,
1571 1755 1726 1790 solutus!
1748 1757 1877 1790 Amen.

645 1853 874 1900 Defuncto
890 1853 1129 1901 Gualterio
1145 1890 1159 1913 ,
1183 1866 1384 1919 quatuor
1401 1857 1564 1919 pupilli
1586 1856 1777 1904 desolati
1793 1874 1973 1903 reman-

581 1941 741 1976 serunt
768 1951 777 1976 :
812 1931 1034 1978 Ricardus
1059 1943 1104 1978 et
1140 1932 1397 1989 Jordanus,
1431 1933 1693 1980 Gualterius
1727 1946 1771 1981 et
1793 1935 1969 1991 Helias;

580 2024 695 2070 quos
718 2008 945 2055 Henricus
968 2026 1050 2055 rex
1074 2010 1120 2055 in
1138 2028 1215 2056 sua
1242 2010 1383 2056 tutela
1407 2012 1626 2075 suscepit,
1649 2023 1694 2058 et
1715 2012 1972 2077 Alsagiense

577 2086 649 2148 jus
668 2084 911 2133 Rodberto
930 2087 1191 2134 vicecomiti
1217 2086 1398 2133 duobus
1429 2089 1560 2134 annis
1578 2088 1834 2153 regendum
1857 2106 1973 2152 prae-

582 2162 720 2225 cepit.
743 2163 893 2209 Porro
917 2162 1149 2210 Jordanus
1173 2163 1229 2210 de
1259 2164 1498 2210 Salcavilla
1521 2165 1718 2211 servitiis
1746 2177 1791 2212 et
1814 2182 1972 2211 mune-

583 2238 711 2285 ribus
729 2241 826 2305 regi
848 2239 1016 2287 oblatis
1038 2252 1189 2288 totum
1199 2243 1273 2306 jus
1296 2241 1523 2300 obtinuit,
1549 2244 1761 2308 ipsosque
1782 2255 1971 2307 nepotes

583 2332 686 2361 suos
709 2317 887 2363 alturus
909 2335 1016 2364 cum
1039 2318 1327 2381 patrimonio
1347 2336 1428 2365 suo
1451 2318 1766 2382 recuperavit,
1794 2330 1838 2365 et
1856 2337 1971 2384 qua-

584 2402 691 2439 tuor
709 2395 841 2440 annis
863 2394 1122 2442 honorifice
1141 2397 1433 2443 conservavit
1452 2407 1497 2443 et
1522 2397 1664 2442 auxit.
1694 2397 1873 2443 Interea
1897 2397 1973 2442 Ri-

629 2539 679 2581 (1)
705 2539 752 2572 Le
779 2550 820 2572 22
847 2540 993 2583 fefivrier,
1024 2542 1108 2587 jour
1139 2541 1268 2589 auquel
1293 2533 1434 2588 l’Eglise
1464 2541 1603 2576 celebre
1634 2542 1897 2576 l'anniversaire
1928 2542 1972 2575 (le

583 2594 828 2630 l’installation
851 2597 895 2631 de
922 2599 1015 2633 saint
1043 2599 1167 2634 Pierre
1198 2612 1337 2634 comme
1365 2600 1567 2646 patriarche
1595 2599 1832 2642 d’Antioche,
1863 2599 1971 2646 qu’on

584 2667 739 2702 suppose
765 2657 861 2691 avoir
890 2670 935 2692 eu
962 2658 1034 2693 lieu
1055 2659 1086 2693 le
1113 2670 1154 2692 22
1178 2658 1379 2707 fevrier57.
1395 2659 1454 2694 On
1472 2666 1640 2705 rapporte
1657 2671 1701 2693 au
1726 2658 1913 2704 18janvier
1930 2660 1969 2700 44

586 2725 649 2748 son
663 2714 929 2750 etablissement
942 2719 960 2750 -ὲι
978 2716 1106 2752 Rome.
1123 2719 1190 2753 Ces
1209 2718 1302 2753 deux
1318 2718 1421 2761 seteS,
1435 2718 1495 2764 qui
1517 2725 1721 2752 remontent
1740 2721 1757 2753 ἐι
1776 2730 1845 2752 11116
1864 2718 1972 2752 haute

585 2775 762 2821 antiquitt}
776 2803 783 2816 ‚
802 2783 946 2822 portent
963 2777 993 2810 le
1012 2789 1095 2812 nom
1114 2778 1158 2812 de
1176 2779 1325 2813 Chaires
1344 2778 1388 2812 de
1410 2778 1665 2813 Saint-Pierrc.
