2085 3455
570 308 621 346 34
934 309 1173 348 HISTORIA
1205 310 1601 348 ECCLEslAS'rmA.

566 396 672 441 dam
719 413 831 443 vero
883 396 1227 442 intolerabilem
1272 396 1584 443 barbarorum
1630 396 1963 444 immanitatem

565 484 847 530 metuentes,
877 473 933 519 ad
951 485 1106 520 extera
1130 491 1272 537 regna
1297 476 1542 538 sugerunt,
1569 473 1647 519 ubi
1673 492 1965 539 paganorum

565 551 745 598 bellicae
785 552 906 597 vires
950 550 1165 597 nondum
1205 551 1473 614 attigerant.
1524 551 1732 614 Corpora
1778 569 1965 617 quoque

562 640 751 692 patrum
774 647 969 675 suorum
992 646 1147 675 secum
1173 629 1537 685 transtulerunt,
1565 645 1769 692 quorum
1795 630 1963 676 animae

562 716 763 769 regnant
788 723 893 751 cum
913 705 1039 769 Rege
1063 704 1264 751 Sabaoth
1279 741 1291 761 ‚
1321 706 1392 751 cui
1418 704 1585 750 devote
1608 706 1654 750 in
1681 704 1770 751 hoc
1793 706 1965 752 saeculo

559 781 837 827 servierunt.
865 781 1046 843 Scripta
1069 781 1208 826 etiam
1228 780 1283 826 de
1304 781 1441 844 gestis
1461 779 1736 826 eorumdem
1756 791 1962 844 patrum,

558 869 604 902 et
625 857 683 904 de
707 858 1069 920 possessionibus
1097 858 1421 911 ecclesiarum,
1450 874 1554 920 quae
1580 867 1625 901 et
1651 867 1838 920 quantae
1862 858 1965 903 sue-

559 935 680 992 rint,
710 936 780 981 vel
805 954 828 981 a
849 934 1018 999 quihus
1037 934 1180 990 datae,
1205 936 1386 998 fugitivi
1409 953 1563 981 secum
1587 951 1783 997 peregre
1805 951 1962 998 aspor-

558 1023 793 1069 taverunt,
810 1029 1014 1076 quorum
1027 1029 1245 1076 magnam
1263 1023 1446 1074 partem
1461 1022 1532 1057 tot
1551 1011 1961 1074 perturbationum

556 1089 776 1151 procellae
802 1099 1083 1152 rapuerunt,
1111 1106 1240 1152 quse,
1271 1088 1392 1151 proh
1416 1087 1575 1135 dolor!
1611 1089 1655 1134 in
1686 1089 1826 1134 tantis
1854 1105 1962 1135 mo-

557 1164 763 1211 tionibus
787 1176 881 1211 tam
905 1165 1178 1228 periculosis
1204 1165 1575 1228 irreparabiliter
1597 1164 1776 1228 perdita
1800 1176 1926 1212 sunt.

618 1243 718 1288 Hoc
749 1242 973 1288 nimirum
1000 1242 1390 1288 Gemmeticenses
1419 1253 1465 1288 et
1496 1244 1864 1290 Fontinellenses
1891 1244 1962 1289 se-

554 1331 737 1376 cerunt,
763 1321 976 1384 tristique
998 1320 1259 1365 infortunio
1274 1320 1523 1382 praeventi,
1547 1320 1697 1365 ablata
1720 1337 1962 1384 nunquam

554 1408 934 1462 reportaverunt.
965 1397 1357 1443 Gemmeticenses
1388 1396 1515 1442 enim
1541 1413 1741 1459 corpora
1772 1408 1962 1443 sancto-

555 1492 660 1520 rum
694 1474 904 1538 Hugonis
928 1473 1293 1536 archiepiscopi,
1325 1483 1370 1518 et
1399 1472 1617 1519 Aichadri
1644 1472 1822 1519 abbatis
1844 1474 1963 1520 Has-

555 1569 635 1615 pas
660 1553 730 1614 (1)
757 1551 1123 1606 transtulerunt,
1151 1567 1257 1613 quee
1285 1550 1331 1595 in
1357 1550 1537 1595 scriniis
1561 1550 1775 1612 pretiosis
1797 1549 1964 1597 Cama-

556 1645 766 1676 racenses
780 1639 825 1674 et
840 1627 1171 1674 Atrebatenses
1190 1627 1355 1672 incolae
1375 1637 1647 1671 reverenter
1665 1644 1808 1691 usque
1825 1626 1963 1674 hodie

555 1716 744 1752 servant
772 1717 818 1752 et
848 1705 1087 1752 excolunt.
1117 1704 1487 1750 Fontinellenses
1517 1703 1821 1750 nihilominus
1848 1704 1963 1750 reli—

556 1784 686 1848 quias
722 1793 991 1828 sanctorum
1026 1782 1344 1827 consessorum
1380 1779 1719 1844 XVandregisili
1755 1780 1959 1836 abbatis,

557 1860 778 1907 Ansberti
799 1858 1129 1905 ethlfranni
1147 1858 1607 1920 archiepiscoporum
1628 1858 1837 1904 Gandam
1856 1875 1965 1921 por-

557 1948 775 1984 taverunt
799 1938 897 2000 (2);
937 1953 1043 2000 quae
1078 1953 1101 1981 a
1133 1934 1386 1980 Flandritis
1422 1951 1564 1998 usque
1602 1936 1647 1980 in
1681 1934 1963 1982 hodiernum

602 2097 653 2141 (1)
675 2096 851 2141 Haspres,
873 2101 977 2129 entre
994 2093 1163 2128 Cambrai
1182 2100 1217 2127 et
1243 2092 1522 2127 valenciennes.
1548 2091 1577 2124 ll
1606 2091 1722 2137 parait
1749 2103 1820 2137 que
1849 2091 1963 2137 Pepin

558 2155 754 2190 d’Heristal
771 2154 864 2188 avait
880 2153 990 2188 fonde
1008 2165 1052 2187 en
1067 2164 1106 2186 ce
1121 2152 1212 2195 lieu,
1234 2164 1310 2186 vers
1327 2151 1358 2186 la
1378 2152 1424 2185 fir.
1445 2151 1495 2185 du
1513 2163 1575 2185 vue
1596 2151 1718 2191 siecle,
1739 2162 1788 2184 un
1801 2150 1960 2196 prieure‚

558 2213 648 2248 dont
666 2213 692 2246 il
708 2213 850 2259 disposa
870 2225 915 2246 en
933 2212 1057 2246 saveur
1075 2211 1120 2245 de
1137 2212 1335 2257 Juniieges.
1364 2211 1414 2245 Cc
1433 2209 1521 2257 qu’il
1542 2223 1564 2256 y
1592 2222 1611 2243 a
1637 2209 1680 2243 dc
1698 2208 1832 2242 certain
1845 2235 1853 2250 ‚
1879 2208 1964 2242 c’est

558 2285 630 2320 que
642 2272 691 2306 les
705 2284 810 2318 corps
822 2271 866 2306 de
880 2271 974 2305 saint
984 2270 1138 2305 Aicadre
1150 2277 1185 2304 et
1198 2270 1243 2304 de
1259 2271 1351 2304 saint
1364 2270 1510 2315 lingue,
1528 2268 1751 2314 archeveque
1763 2267 1808 2301 de
1816 2266 1960 2310 Rouen,

558 2346 579 2378 y
602 2333 725 2367 surent
751 2332 986 2378 transporteS,
1005 2343 1097 2377 pour
1115 2331 1164 2364 les
1183 2330 1377 2364 sousa—aire
1395 2342 1463 2363 aux
1481 2335 1650 2373 outrages
1668 2334 1704 2362 et
1717 2329 1738 2361 a
1756 2327 1788 2361 la
1807 2327 1963 2374 rapacite

559 2392 621 2426 des
642 2393 807 2426 hommes
827 2390 876 2424 du
897 2390 1019 2432 Nord3
1041 2391 1130 2424 mais
1148 2403 1188 2424 ce
1208 2402 1252 2424 ne
1271 2389 1338 2423 (lut
1356 2390 1432 2423 ἐπε
1451 2401 1522 2435 que
1540 2388 1866 2434 posterieurement
1891 2388 1908 2420 ὲ
1932 2386 1963 2420 la

559 2447 739 2494 premiere
756 2446 979 2481 devastation
997 2445 1041 2479 de
1055 2446 1238 2492 Jumieges
1257 2458 1322 2491 par
1340 2456 1426 2488 eux,
1449 2444 1511 2491 qui
1532 2443 1698 2485 enthea,
1716 2454 1856 2477 comme
1873 2454 1962 2476 nous

556 2506 692 2540 l'avons
712 2505 766 2539 dit
784 2505 960 2539 ci-dessus
975 2532 983 2546 ,
1006 2503 1039 2538 le
1059 2507 1102 2546 24
1121 2505 1189 2537 mai
1211 2504 1290 2546 841.

606 2564 657 2606 (2)
676 2562 741 2596 Les
759 2573 864 2607 corps
893 2561 938 2595 de
966 2561 1058 2594 saint
1077 2559 1283 2594 Wandrille
1302 2567 1339 2594 et
1355 2558 1400 2593 dc
1415 2560 1508 2594 saint
1527 2559 1684 2593 Ansbert
1707 2558 1829 2592 surent
1846 2564 1962 2591 trans-

561 2623 653 2656 feres
672 2638 678 2654 ·.

610 2688 653 2715 1⁰.
678 2683 724 2715 Le
744 2680 783 2716 51
811 2693 904 2715 mars
925 2684 1009 2729 704,
1032 2680 1076 2715 de
1105 2679 1240 2726 l'cglise
1259 2679 1303 2714 de
1331 2677 1542 2714 Saint-Panl
1569 2676 1657 2711 (lans
1678 2675 1764 2709 celle
1781 2677 1826 2709 (le
1843 2675 1963 2709 Saint-

560 2742 682 2774 Pierre
695 2769 703 2784 ‚
727 2741 857 2775 situees
877 2740 973 2774 l'une
992 2747 1027 2774 et
1051 2739 1179 2773 l’autre
1197 2738 1285 2773 dans
1312 2738 1500 2773 l’eneeinte
1519 2736 1566 2770 du
1589 2740 1741 2770 convent
1760 2733 1804 2769 de
1832 2734 1962 2767 Fonte-

560 2798 672 2840 nelle;
