2033 3445
563 324 715 362 LIBER
744 323 988 361 OCTAVUS.
1406 329 1475 368 451

80 428 221 458 sacrae
255 411 602 457 communionis
633 412 857 457 viaticum
891 410 1056 457 devote
1091 425 1388 477 perceperat,
1427 417 1483 463 ad

82 488 333 535 matutinos
364 487 421 534 de
456 499 611 535 sancta
647 488 845 551 Virgine
881 488 1029 533 Maria
1066 489 1232 536 lectori
1271 495 1480 554 poscenti

81 565 457 613 benedictionem
480 565 631 622 dedit,
659 576 705 611 et
727 584 751 610 a
776 565 956 611 cunctis
978 566 1057 630 qui
1082 565 1300 625 aderant,
1323 568 1450 618 dicto
1470 591 1479 615 :

81 646 256 700 Amen,
294 660 405 690 mox
440 643 660 706 spiritum
699 642 934 688 exhalavit
972 644 1061 705 (1).
1101 644 1205 703 Quo
1235 644 1480 704 defuncto,

77 721 332 784 Bajocensis
373 719 667 776 Goissredus,
712 738 764 766 ac
808 720 1142 767 Cerasiacensis
1196 723 1479 780 monachus,

76 800 314 855 successit;
359 799 439 863 qui
482 809 528 844 et
571 799 665 861 ipse
710 797 1030 845 immoderatis
1071 799 1484 848 adinventionibus

76 874 250 920 studuit
263 911 275 931 ‚
298 874 564 939 durumque
579 876 744 939 jugum
766 892 905 939 super
925 877 1127 922 cervices
1144 875 1485 940 discipulorum

79 953 344 1016 aggregavit
369 953 458 1015 (2).

140 1029 331 1076 Notitiae
381 1041 681 1093 posterorum
727 1030 827 1077 haec
875 1033 1096 1078 annotavi
1142 1032 1199 1078 de
1243 1033 1484 1081 modernis

78 1106 473 1170 praeceptoribus,
497 1109 575 1171 qui
603 1124 744 1154 novas
769 1106 1044 1154 traditiones
1067 1109 1334 1172 priscorum
1355 1128 1486 1173 prae—

74 1185 229 1230 ferunt
259 1195 448 1246 patrum
481 1183 676 1242 ritibus,
703 1185 910 1249 aliosque
938 1185 1193 1233 monachos
1225 1188 1484 1236 saeculares

78 1262 308 1319 vocitant,
335 1279 387 1308 ac
406 1262 551 1307 veluti
572 1263 748 1325 regulae
771 1264 1158 1325 praevaricatores
1176 1274 1354 1311 temere
1373 1282 1485 1312 con-

77 1336 314 1383 demnant.
358 1337 573 1383 Studium
615 1349 661 1383 et
699 1339 909 1401 rigorem
948 1356 1112 1385 eorum
1150 1339 1480 1399 considerans,

79 1414 181 1460 illos
205 1431 493 1478 magnopere
517 1431 615 1461 non
643 1416 889 1478 vitupero,
920 1427 1126 1463 attamen
1156 1417 1415 1482 majoribus
1439 1429 1486 1465 et

77 1491 285 1554 probatis
311 1492 524 1555 patribus
549 1510 647 1539 non
677 1503 933 1557 antepono.
960 1493 1189 1541 Arbitror
1221 1516 1230 1540 z
1260 1496 1485 1559 ignorant

75 1568 201 1633 quod
236 1569 398 1615 beatus
435 1580 570 1633 pater
609 1570 928 1618 Columbanus
963 1570 1020 1617 de
1055 1571 1282 1618 Hibernia
1318 1583 1479 1629 ortu5‚

75 1657 234 1694 sancto
251 1647 507 1694 Benedicto
525 1658 949 1711 contemporaneus
965 1648 1107 1695 'suerit
1125 1650 1192 1713 (ὅ)
1205 1686 1216 1707 ,
1239 1660 1484 1713 paternam

74 1723 266 1771 domum
283 1726 580 1790 patriamque
600 1726 898 1790 relinquens,
925 1744 1032 1773 cum
1050 1728 1300 1790 praecipuis
1318 1745 1483 1774 mona-

75 1801 169 1848 chis
188 1803 235 1849 in
251 1803 423 1849 Gallias
438 1804 748 1867 navigaverit,
769 1814 816 1849 et
832 1822 856 1849 a
872 1803 1194 1861 childeberto,
1216 1821 1326 1869 rege
1341 1806 1486 1851 Fran-

73 1896 254 1938 corum,
271 1880 370 1927 filio
386 1880 651 1945 Sigisberti,
664 1891 917 1944 susceptus,
935 1881 984 1926 in
998 1881 1271 1944 Burgundia
1285 1882 1482 1928 Luxovii

76 1957 349 2004 coenobium
369 1959 690 2004 construxerit
709 1958 780 2020 (4)
795 1995 806 2015 ,
831 1976 882 2005 ac
902 1958 1204 2021 postmodum
1228 1958 1287 2004 ab
1307 1959 1484 2022 impiis-

75 2035 185 2080 sima
201 2035 505 2082 Brunichilde
523 2036 683 2099 regina
702 2036 941 2098 expulsus,
963 2036 1009 2081 in
1026 2036 1207 2081 Italiam
1225 2036 1479 2093 secesserit,

74 2121 117 2156 et
137 2111 194 2157 ab
218 2112 512 2176 Aigilulpho,
537 2111 960 2176 Langobardorum
977 2129 1105 2176 rege,
1127 2122 1360 2176 receptus,
1381 2112 1481 2159 Bo-

75 2184 229 2234 biense
267 2188 607 2234 monasterium
645 2187 909 2234 condiderit
949 2187 1038 2251 (5).
1072 2188 1159 2234 Hic
1193 2187 1480 2235 admirandae

76 2264 326 2310 sanctitatis
357 2276 489 2327 pater
524 2265 648 2311 inter
683 2265 947 2328 praecipuos
984 2263 1239 2322 laboravit,
1267 2265 1411 2329 signis
1435 2276 1483 2311 et

121 2409 172 2452 (1)
192 2408 240 2443 Le
261 2409 301 2444 16
319 2409 522 2456 septembre
543 2421 642 2443 1122.

121 2467 170 2513 (2)
194 2468 374 2513 Geoffroi,
406 2469 595 2504 deuxieme
624 2469 715 2503 abbe
742 2468 787 2503 de
815 2469 959 2516 Savigni
989 2468 1213 2513 (1122-1158
1241 2481 1288 2504 ou
1321 2470 1360 2504 15
1386 2470 1477 2515 juil-

77 2523 125 2560 let
145 2526 265 2574 1139).

121 2583 170 2630 (3)
186 2586 288 2620 Saint
303 2586 504 2621 Columban
516 2613 524 2629 ‚
545 2593 640 2620 mort
655 2598 699 2620 en
715 2584 782 2619 615
793 2613 802 2628 ,
822 2597 867 2619 ne
884 2586 1018 2621 saurait
1034 2587 1110 2622 eti-e
1128 2586 1318 2621 considere
1336 2599 1477 2622 comme

74 2647 345 2690 contemporain
365 2645 410 2680 de
430 2649 523 2681 saint
541 2646 688 2688 Benoit‚
711 2651 808 2679 mort
827 2657 871 2679 en
888 2643 970 2687 545.

119 2702 168 2746 (4)
187 2703 337 2739 Luxeuil
352 2717 398 2740 en
415 2705 733 2740 Franche-Comte
751 2703 865 2751 (590).
883 2704 985 2739 Saint
1001 2704 1204 2740 Columban
1221 2705 1278 2740 sut
1292 2705 1415 2739 chasse
1433 2704 1478 2738 de

77 2771 116 2795 ce
133 2764 335 2798 monastere
352 2764 498 2811 εηζὸιο.

121 2819 169 2864 (5)
189 2821 238 2855 Le
257 2824 460 2858 monastcre
481 2824 526 2859 de
547 2823 701 2866 Bobbio,
723 2822 804 2856 ville
824 2822 1025 2868 episcopale
1043 2822 1088 2857 <le
1107 2822 1339 2866 Lombardie,
1364 2834 1424 2856 sur
1444 2823 1473 2857 la

82 2876 211 2912 Trebie
229 2879 347 2925 (613).
