2033 3445
0 2242 5 2395 ἶ

3 2415 7 2541 ἱ

5 2547 8 2642 ἱ

6 2650 9 2699 ι

6 2710 10 2772 4

7 2775 11 2845 !

47 272 184 325 [1094j
531 268 682 306 LlBER
712 266 959 307 OCTAVUS.
1374 267 1450 305 415

45 359 251 407 Tandem
266 357 503 420 Philippo,
525 357 624 419 regi
643 356 955 409 Francorum,
981 370 1061 399 Dec
1082 354 1226 400 libras
1244 356 1421 419 pepigit
1439 393 1448 411 ‚

42 447 87 483 et
100 434 358 492 Rodberto,
378 433 484 479 duci
505 432 914 485 Normannorum,
934 430 1130 492 aliisque
1148 429 1362 492 pluribus
1384 432 1453 476 in—

46 523 230 578 gentem
253 510 501 574 pecuniam
525 508 768 572 promisit,
796 508 829 552 si
855 505 1059 551 fideliter
1082 504 1169 550 sibi
1194 505 1453 552 adminicu-

46 591 273 645 larentur,
302 599 348 633 et
373 587 565 634 hostiles
588 586 736 648 copiae
761 583 1112 647 subigerentur.

105 667 271 731 Igitur,
291 662 689 728 Quadragesimali
713 673 928 724 tempore
955 662 1043 724 (i),
1073 677 1158 706 rex
1175 661 1387 707 Franciae
1409 672 1454 706 et

45 746 134 792 dux
175 742 482 790 Normanniae
520 740 880 786 Brehervallum
924 738 1216 785 obsederunt
1232 775 1243 794 ‚
1293 738 1454 802 ibique

44 823 136 869 sere
163 819 347 867 duobus
377 817 617 864 mensibus
648 816 1005 863 laboraverunt.
1041 816 1160 862 Illuc
1190 815 1453 878 presbyteri

46 917 147 946 cum
172 897 469 961 parochianis
492 896 582 940 suis
602 895 771 940 vexilla
797 894 1034 950 tulerunt,
1061 904 1108 938 et
1131 891 1322 938 abbates
1347 911 1453 939 cum

47 975 311 1024 hominibus
329 975 420 1021 suis
436 975 583 1020 coacti
599 983 925 1020 convenerunt
944 972 1033 1035 (2).
1053 972 1170 1017 llluc
1185 970 1455 1017 Rodbertns

44 1054 342 1101 Belesmensis
368 1052 795 1116 ingeniosissimum
821 1050 1050 1096 artificem
1075 1049 1295 1106 adduxit,
1327 1051 1455 1113 cujus

46 1132 278 1196 ingeniosa
308 1131 528 1195 sagacitas
554 1129 610 1175 ad
635 1129 913 1193 capiendam
937 1129 1198 1174 Jerusalem
1236 1128 1457 1174 Christia-

46 1210 114 1256 nis
136 1209 351 1272 profecit.
385 1209 470 1254 Hic
502 1206 740 1254 machinas
773 1208 1062 1262 construxit,
1095 1217 1260 1252 contra
1289 1207 1456 1251 muni-

44 1297 253 1332 mentum
288 1285 457 1332 hostile
491 1303 631 1348 super
665 1285 843 1331 rotulas
877 1286 996 1349 egit,
1033 1285 1243 1347 ingentia
1272 1302 1378 1329 saxa
1409 1285 1455 1329 in

45 1362 267 1428 oppidum
311 1374 357 1409 et
398 1363 659 1427 oppidanos
700 1363 928 1426 projecit,
969 1361 1223 1407 bellatores
1261 1361 1456 1406 assultus

45 1440 150 1488 dare
178 1440 362 1497 docuit,
395 1441 564 1504 quibus
587 1440 765 1486 vallum
797 1450 843 1486 et
872 1456 1000 1503 sepes
1030 1440 1456 1501 circumcingentes

45 1517 211 1572 diruit,
240 1528 287 1563 et
312 1518 518 1563 eulmina
545 1516 797 1563 domorum
826 1534 968 1579 super
994 1515 1311 1561 inhabitantes
1334 1515 1456 1579 deje-

46 1595 128 1652 cit,
155 1595 388 1659 tantisque
409 1594 752 1640 calamitatibus
777 1593 1068 1639 adversarios
1093 1593 1149 1638 ad
1169 1593 1457 1639 deditionem

46 1672 210 1736 coegit.
238 1672 383 1718 Vetus
406 1671 568 1718 odium
594 1672 719 1717 inter
742 1670 1044 1717 Rodbertum
1069 1681 1116 1716 et
1139 1671 1358 1716 Goellum
1378 1669 1457 1716 diu

47 1766 130 1812 pro
149 1750 354 1814 antiquis
373 1747 580 1795 reatibus
607 1749 892 1804 inoleverat,
923 1748 1141 1811 idemque
1162 1748 1456 1805 Rodbertus,

47 1835 96 1871 ut
122 1836 306 1890 tempus
335 1825 528 1871 ultionis
556 1835 883 1888 opportunum
914 1824 1120 1881 viderat,
1149 1824 1458 1870 Guillelmum

46 1901 384 1950 Bretoliensem
405 1902 604 1948 consilio
622 1912 669 1947 et
685 1902 882 1958 auxilio,
906 1902 1011 1964 plus
1035 1918 1176 1965 quam
1197 1918 1361 1947 omnes
1380 1900 1457 1946 alii

46 1996 175 2043 pares
194 1981 282 2038 sui,
307 1979 567 2043 adjuverat.
585 1979 778 2027 Goellus
800 1990 953 2024 autem
971 1978 1149 2041 probus
1173 1990 1219 2024 et
1236 1978 1430 2024 callidus
1443 2015 1454 2034 ,

0 2070 1 2083 ¹
46 2067 90 2103 et
130 2058 294 2122 praedo
336 2058 600 2122 malignus,
646 2057 1043 2122 ecclesiarumque
1089 2057 1294 2103 violator
1336 2067 1454 2102 erat.

49 2133 236 2182 Nobiles
255 2147 301 2182 et
322 2136 557 2182 animosos
579 2146 799 2198 parentes
822 2134 1024 2181 habebat
1039 2171 1050 2190 ,
1078 2152 1285 2199 quorum
1308 2133 1455 2181 admi-

48 2211 210 2257 niculis
243 2212 603 2259 Brehervallum
643 2212 688 2258 in
726 2210 905 2257 deserta
943 2222 989 2257 et
1026 2211 1226 2257 silvestri
1264 2211 1458 2275 regione

47 2300 246 2336 castrum
286 2291 585 2346 firmaverat,
630 2301 677 2335 et
717 2290 1109 2354 magnanimitate
1149 2289 1459 2353 subsidiisque

2 2405 6 2412 .
48 2376 168 2413 tanta
189 2369 467 2432 praeliorum
484 2367 693 2431 pondera
709 2378 899 2414 strenue
917 2368 1197 2430 pertulerat.
1223 2368 1456 2431 Denique,

48 2452 98 2487 ut
120 2454 215 2491 tam
237 2462 433 2509 magnos
459 2445 695 2509 principes
719 2455 765 2490 et
787 2445 1025 2491 animosos
1045 2445 1130 2490 sibi
1158 2461 1460 2508 summopere

51 2573 156 2580 *-

92 2657 141 2701 (1)
160 2657 326 2693 Pendant
346 2658 378 2693 le
399 2659 540 2693 carc-me
562 2659 607 2692 (lc
634 2661 733 2705 1094.

92 2714 142 2760 (2)
161 2715 228 2750 Ces
252 2716 380 2751 details
403 2718 613 2763 presentent
634 2724 714 2750 tous
735 2716 784 2751 les
806 2716 1005 2750 caracteres
1028 2716 1137 2750 d’une
1163 2716 1260 2750 levee
1281 2729 1324 2749 cn
1350 2726 1460 2748 masso

53 2775 250 2819 organisee.
