2033 3445
39 264 172 315 [1091]
528 259 678 297 LIBER
709 258 953 295 OCTAVUS.
1363 262 1436 299 331

38 350 238 415 plicitate
261 345 470 410 pollebat
495 357 541 393 et
562 346 731 409 peritia
757 345 1049 402 litterarum,
1079 346 1321 410 multaque
1346 348 1440 395 ho-

41 436 211 475 nestate
232 435 279 471 et
300 423 545 471 bonorum
566 422 815 469 dulcedine
846 439 1054 468 morum.
1087 424 1222 469 Tunc
1251 425 1445 472 Herma-

40 522 123 552 nus
157 502 307 566 prior,
347 511 394 547 et
437 499 673 546 Ernaldus
710 498 766 545 de
805 499 1036 557 TeHiolo,
1077 500 1249 564 aliique
1286 502 1445 565 plures

40 599 142 630 eum
157 580 213 626 ad
231 579 410 626 curiam
427 577 555 625 ducis
571 577 809 625 duxerunt
825 613 837 634 ,
860 576 937 623 sed
957 577 1124 623 ducem
1144 578 1193 624 in
1214 578 1448 626 Norman-

41 660 114 707 nia
148 675 244 705 non
281 658 583 703 invenerunt.
623 655 935 702 Clandestinis
969 656 1095 702 enim
1131 656 1437 715 factionibus,

43 736 206 802 quibus
231 734 533 780 transmarini
553 744 718 780 contra
739 750 903 797 pacem
924 744 971 780 et
989 734 1286 781 securitatem
1313 738 1448 801 regni

42 811 372 867 moliebantur,
399 810 554 857 subito
577 810 769 868 auditis,
795 810 936 858 ambo
959 812 1126 858 fratres
1149 811 1207 858 de
1230 813 1447 860 Neustria

41 893 86 938 in
113 890 330 954 Angliam
355 906 411 935 ex
435 889 674 953 insperato
717 889 1113 936 tranfretaverant
1139 890 1236 955 (1),
1264 892 1450 939 miran—

42 968 161 1015 tibus
193 968 390 1014 cunctis.
418 968 553 1013 Tunc
578 968 842 1013 Hermanus
867 967 922 1013 ad
956 967 1155 1014 domum
1194 970 1449 1034 regendam

41 1047 223 1094 Uticum
248 1062 483 1110 regressus
513 1056 604 1104 est,
631 1056 678 1092 et
710 1045 947 1092 Ernaldus
974 1064 1081 1093 cum
1107 1047 1257 1094 electo
1279 1047 1451 1096 abbate

40 1123 269 1187 principes
310 1122 444 1186 regni
480 1139 566 1186 per
601 1139 731 1168 mare
769 1133 953 1169 secutus
985 1134 1070 1169 est.
1119 1124 1451 1173 Pervenientes

42 1210 191 1246 autem
237 1199 285 1245 in
339 1199 503 1245 villam
553 1199 758 1263 regiam,
799 1217 943 1264 quam
988 1199 1344 1248 Windresorias
1379 1204 1450 1267 (2)

44 1277 226 1334 dicunt,
261 1276 545 1323 electionem
575 1276 893 1323 monachilem
919 1289 1180 1325 conventus
1205 1297 1314 1326 cum
1348 1299 1454 1327 auc-

48 1353 233 1402 toritate
272 1354 501 1418 Sagiensis
536 1354 766 1418 episcopi,
814 1354 1054 1418 triumque
1089 1354 1312 1402 abbatum
1345 1357 1451 1405 duci

47 1430 366 1479 ostenderunt.
396 1430 460 1476 At
481 1430 560 1477 ille
578 1441 820 1495 gratanter
840 1448 1074 1478 assensum
1097 1431 1249 1490 dedit,
1274 1445 1319 1480 et
1340 1452 1456 1497 prte-

47 1508 136 1556 sato
158 1507 366 1574 Rogerio
392 1525 478 1572 per
504 1507 725 1554 baculum
750 1509 1059 1571 pastoralem,
1083 1520 1136 1554 ut
1159 1526 1215 1556 eo
1240 1521 1456 1575 tempore

51 1587 190 1635 moris
229 1597 354 1644 erat,
396 1580 606 1634 cOenobii
654 1604 816 1633 curam
860 1587 908 1633 in
949 1587 1266 1634 exterioribus
1316 1589 1457 1636 rebus

52 1665 307 1722 commisit,
344 1664 648 1730 apicibusque
680 1666 771 1711 suis
805 1666 1086 1712 Luxoviensi
1123 1667 1368 1731 episcopo,
1405 1679 1458 1714 ut.

52 1759 153 1790 eum
204 1744 250 1789 in
295 1742 516 1790 omnibus
563 1743 790 1789 canonice
841 1743 1150 1806 proveheret,
1196 1745 1455 1792 mandavit.

53 1820 326 1867 Guillelmus
351 1837 541 1886 quoque
564 1837 645 1867 rex
678 1820 894 1867 eumdem
923 1820 1211 1868 monachum
1235 1833 1348 1869 tunc
1376 1822 1460 1870 ihi-

53 1896 154 1944 dem
190 1897 463 1962 benigniter
500 1897 686 1955 ascivit,
727 1908 770 1944 et
810 1898 968 1944 omnia
1009 1915 1116 1962 quae
1152 1910 1286 1962 pater
1323 1918 1458 1959 quS,

55 1993 361 2041 proceresque
381 1977 476 2040 ejus
495 1976 705 2022 Uticensi
725 1975 932 2023 ecclesiae
951 1975 1067 2022 olim
1083 1975 1328 2034 dederant,
1356 1995 1466 2025 con-

0 2103 1 2109 *
57 2054 207 2112 cessit,
246 2064 293 2101 et
330 2054 476 2118 regali
516 2054 797 2100 auctoritate
834 2054 880 2099 in
923 2053 1083 2100 charta
1119 2053 1326 2101 firmavit
1365 2056 1459 2120 (3).

55 2130 253 2179 Peractis
294 2133 450 2197 itaque
491 2148 581 2195 pro
621 2131 791 2196 quibus
831 2133 973 2189 ierat,
1015 2133 1249 2197 Rogerius
1273 2133 1464 2180 Uticum

58 2206 374 2255 xv⁰·kalendas
388 2209 593 2273 januarii
617 2209 683 2271 (lg)
708 2208 876 2267 rediit,
902 2220 949 2256 et
973 2227 996 2255 a
1024 2209 1250 2256 {ratribus
1276 2210 1468 2258 lionori-

102 2352 150 2399 (ι)
164 2353 227 2387 Les
241 2353 336 2387 deux
349 2353 463 2388 freres
477 2354 613 2388 etaient
626 2353 740 2400 partis
756 2365 850 2399 pour
864 2352 1108 2400 l'Anglctcrrc
1124 2354 1212 2388 (lans
1227 2354 1275 2388 lcs
1291 2355 1468 2401 premiers

7 2431 9 2457 ιγ
57 2410 154 2455 jours
169 2412 310 2456 d'aosst,
331 2415 349 2447 ἐι
364 2425 469 2448 cause
486 2413 531 2449 (le
548 2413 736 2448 l'invasion
755 2412 805 2446 du
823 2413 1163 2448 Northumberland
1181 2427 1245 2461 pai·
1259 2414 1291 2448 le
1308 2415 1361 2449 roi
1380 2415 1468 2448 Mal-

9 2495 11 2523 3
61 2469 163 2504 colm.
188 2472 293 2507 Cette
320 2473 481 2509 invasion
502 2473 594 2508 avait
612 2486 656 2507 eu
677 2473 751 2507 lieu
771 2485 814 2506 an
840 2473 931 2507 mois
951 2472 996 2507 dc
1020 2474 1104 2507 mai.
1131 2474 1177 2508 Le
1201 2475 1254 2509 roi
1279 2466 1467 2516 d’Ecosm,

9 2531 13 2580 ᾗ
61 2534 226 2565 trouvant
242 2544 315 2567 une
334 2534 530 2568 resistance
547 2533 630 2579 plus
648 2533 805 2567 sericusc
823 2533 913 2579 qu’il
933 2545 978 2567 nc
998 2533 1045 2579 s’y
1065 2534 1269 2579 attendaits
1281 2534 1373 2569 avait
1391 2533 1471 2579 ddja

11 2598 13 2622 ι
63 2591 215 2635 regagne'
234 2603 288 2625 scs
305 2584 404 2626 Etats
421 2604 503 2627 avec
522 2605 570 2627 un
592 2593 697 2627 bntin
718 2604 788 2639 peu
808 2591 1068 2627 considerable.

107 2649 156 2694 (2)
173 2650 360 2686 VVindsor.

109 2706 157 2753 (3)
175 2709 279 2745 Cette
297 2712 421 2746 charte
438 2713 494 2747 n’a
514 2725 574 2760 pas
592 2715 648 2747 cte
668 2715 868 2747 conseruit&

112 2766 160 2811 (4)
181 2766 227 2801 Le
251 2767 288 2803 18
309 2769 513 2804 dccemln-v.
