2085 3455
610 278 685 315 318
972 277 1213 316 HISTORIA
1243 276 1643 314 ECCLESIASTICA.
1874 283 2006 333 [1089]
2060 256 2062 326 ξ

606 364 681 409 vel
707 364 855 428 qualis
885 365 958 409 vir
993 363 1167 409 ibidem
1200 364 1509 427 requieverit,
1537 362 1606 407 his
1638 362 1846 409 versibus
1874 381 2007 428 super
2061 404 2063 406 ,

610 440 845 486 tumulum
866 440 913 485 iu
937 439 1045 486 albo
1072 439 1222 502 lapide
1242 440 1433 502 sculptis
1461 437 1807 485 denotaverunt
1834 460 1842 483 :

745 551 832 592 Hic,
853 550 1051 585 Guillelme
1070 562 1205 592 comes,
1229 549 1327 583 locus
1347 556 1401 583 est
1418 548 1535 583 laudis
1553 549 1621 583 tibi
1641 549 1765 583 fomes.

745 610 864 655 Hujus
884 610 1069 649 fundator,
1092 616 1127 643 et
1145 609 1266 655 largus
1285 609 1378 643 sedis
1397 615 1535 643 amator

745 669 817 703 Iste
837 675 942 702 tuum
962 668 1071 702 funus
1090 667 1255 711 decorat,
1279 668 1415 714 placuit
1433 668 1517 714 quia
1536 678 1670 701 munus

743 727 971 773 Pauperibus
990 727 1149 768 Christi,
1171 726 1270 773 quod
1288 733 1457 772 prompta
1475 733 1596 760 mente
1615 725 1760 760 dedisti.

751 785 811 818 llle
829 792 911 819 tuos
929 786 1068 818 cineres
1089 792 1204 819 servat
1221 786 1434 819 pancratius
1452 785 1577 827 heres,

745 844 961 878 Sanctorum
983 845 1108 878 castris
1126 844 1187 890 qui
1207 851 1242 878 te
1261 844 1411 878 sociabit
1428 844 1465 878 in
1484 845 1600 878 astris.
1665 853 1669 857 ’

745 904 897 949 Optime
914 904 1101 945 pancrati,
1124 904 1178 938 fer
1196 916 1302 950 opem
1322 911 1357 938 te
1378 903 1613 950 glorificanti,

744 962 870 1009 Daque
886 962 960 1008 poli
977 962 1098 995 sedem
1110 990 1118 1004 ‚
1138 962 1248 996 talem
1266 963 1332 996 tibi
1352 963 1414 1009 qui
1432 963 1535 997 dedit
1553 963 1676 997 aedem.

668 1054 855 1099 Praesati
879 1053 1081 1099 consulis
1104 1052 1213 1111 filii,
1247 1054 1530 1100 Guillelmus
1562 1064 1609 1100 et
1634 1054 1886 1100 Rainaldus
1909 1073 2011 1102 cum

605 1130 856 1178 Gundreda
893 1141 1045 1176 matre
1075 1148 1154 1176 sua
1180 1142 1524 1189 successerunt,
1562 1142 1608 1178 et
1646 1131 1732 1177 sub
1764 1131 2013 1179 Guillelmo

605 1221 744 1273 atque
779 1209 986 1254 Henrico
1016 1205 1203 1272 Angliae
1240 1207 1430 1273 regibus
1459 1208 1698 1272 probitate
1729 1220 1776 1255 et
1806 1210 2012 1273 potentia

604 1284 686 1331 diu
704 1285 995 1331 claruerunt.

669 1361 912 1409 Rodberto
945 1378 1159 1426 quoque,
1188 1362 1434 1409 Haimouis
1468 1362 1593 1420 filio,
1619 1379 1702 1408 rex
1732 1362 2012 1409 Guillelmus

604 1456 800 1504 magnos
826 1439 1030 1485 honores
1055 1438 1252 1498 tribuit,
1273 1450 1319 1486 et
1351 1440 1475 1486 inter
1503 1440 1733 1486 maximos
1765 1440 2011 1503 optimates

606 1516 792 1580 Angliae
813 1517 965 1578 ipsum
978 1515 1267 1564 sublimavit.
1285 1517 1372 1562 Hic
1391 1516 1608 1563 Sihiliam
1622 1517 1813 1582 Rogerii
1831 1517 2013 1564 comitis

605 1594 767 1652 filiam,
791 1610 987 1640 uxorem
1003 1592 1153 1651 duxit,
1177 1611 1282 1658 quae
1305 1593 1450 1640 filiam
1473 1596 1569 1658 ejus
1586 1596 1676 1658 (ι),
1695 1595 1891 1641 nomine
1910 1595 2012 1641 Ma—

605 1671 819 1727 thildem,
836 1672 1035 1735 peperit,
1049 1689 1190 1736 quam
1206 1671 1509 1736 postmodum
1519 1672 1802 1727 Rodbertus‚
1820 1672 2014 1719 Henrici

606 1749 729 1813 regis
752 1749 898 1805 filius,
922 1749 970 1794 in
990 1749 1352 1796 matrimonium
1373 1749 1462 1795 sibi
1486 1751 1751 1813 conjunxit.

606 1945 695 1991 baye
717 1960 722 1978 z
750 1943 918 1978 Traditio
943 1943 1174 1978 Ger-bodonis
1194 1950 1228 1978 et
1247 1943 1346 1978 Adoe
1364 1945 1580 1991 conjugum,
1603 1952 1658 1987 et,
1681 1957 1727 1979 en
1752 1945 1852 1993 1087,
1878 1945 2017 1980 Arnoul
2068 1939 2071 1990 ξ

604 2013 641 2040 et
659 2005 835 2040 Gerbodo
856 2016 921 2039 son
942 2004 1050 2038 frere.

652 2065 864 2102 Guillaume
881 2064 926 2099 de
940 2065 1112 2099 Varenne
1128 2071 1279 2099 mourut
1293 2065 1326 2099 le
1341 2067 1386 2108 24
1399 2065 1482 2111 juin
1501 2064 1601 2112 1089.
1622 2065 1651 2099 Il
1668 2066 1756 2100 etait
1772 2065 1826 2100 fils
1840 2065 1884 2099 de
1901 2064 2016 2099 Raoul
2069 2057 2072 2084 ἶ

607 2127 651 2160 de
670 2127 860 2165 Varenne,
888 2124 979 2158 dont
1002 2136 1094 2158 nous
1115 2137 1223 2158 avons
1247 2124 1347 2171 parle'
1371 2125 1548 2159 ci-dessus
1567 2127 1623 2172 (p.
1645 2124 1745 2171 286).
1766 2125 1795 2159 Il
1813 2125 1906 2159 avait
1923 2124 2014 2159 aussi

604 2200 656 2221 uu
673 2187 767 2220 frere
785 2185 836 2219 du
854 2185 971 2219 meme
991 2197 1095 2227 nom,
1117 2184 1258 2232 d'apres
1276 2185 1309 2219 le
1328 2185 1522 2220 cartulaire
1539 2185 1584 2220 de
1603 2186 1636 2220 la
1655 2184 2018 2227 Trinite-du-Mont‚·

605 2246 669 2293 qui
687 2244 893 2292 paraitrait,
913 2244 1053 2290 d’apres
1067 2244 1100 2278 le
1118 2244 1474 2291 Domesqu—Bools,
1492 2246 1590 2280 avoir
1606 2247 1707 2292 passe
1722 2258 1767 2279 en
1783 2244 2010 2291 Angleterre‚

606 2313 642 2340 et
659 2305 756 2339 avoir
775 2306 833 2339 ete
851 2304 1016 2338 entraine'
1034 2304 1122 2338 dans
1142 2304 1173 2337 la
1196 2305 1371 2340 rebellion
1392 2305 1437 2340 (le
1456 2305 1574 2339 Raoul
1592 2305 1636 2339 de
1656 2305 1816 2348 Guader,
1838 2305 1865 2338 si
1883 2304 1917 2339 le
1934 2315 2011 2350 pas·
2070 2309 2071 2323 ³

606 2377 689 2412 sage
707 2364 838 2411 auquel
859 2376 950 2398 nous
968 2364 1100 2399 faisons
1118 2364 1272 2400 allusion
1290 2378 1336 2400 ne
1353 2365 1584 2413 s'appliquait
1599 2378 1660 2412 pas
1677 2369 1695 2400 ἐι
1713 2378 1753 2400 ce
1770 2365 1917 2399 dernier
1935 2376 2013 2410 per·
2070 2385 2071 2392 κ

608 2437 766 2471 sonnage
778 2424 968 2459 lui-meme
979 2452 986 2465 ‚
1003 2424 1033 2458 la
1048 2425 1235 2459 confusion
1252 2425 1297 2460 de
1311 2438 1369 2460 ces
1384 2426 1478 2460 deux
1493 2437 1595 2460 nonis
1610 2437 1764 2472 presque
1779 2425 2012 2470 homonymes

608 2486 708 2519 etant
728 2485 800 2518 tres
823 2483 940 2519 facile,
963 2485 1066 2517 Cette
1090 2484 1231 2519 illustre
1253 2485 1389 2519 famille
1409 2486 1524 2532 paruit
1547 2486 1646 2519 amir
1671 2486 1727 2519 ete
1748 2485 1946 2530 originaire
1970 2483 2013 2517 de
2070 2466 2072 2535 ἶ

608 2543 897 2585 Belleiiconibre,
920 2544 1002 2589 pres
1020 2544 1272 2586 Saint-Saens,
1290 2545 1352 2592 qui
1372 2558 1458 2579 aura
1474 2546 1580 2591 porte
1596 2544 1684 2579 dans
1699 2544 1865 2591 l’origine
1880 2544 1914 2578 le
1931 2555 2010 2577 nom
2070 2564 2071 2582 2

608 2602 653 2636 de
671 2602 876 2644 WVarenoe,
900 2601 1021 2648 plutot
1038 2615 1109 2649 que
1133 2603 1181 2637 du
1206 2604 1297 2649 petit
1324 2603 1386 2637 [ief
1404 2603 1448 2638 de
1467 2601 2010 2638 Varenne-sur-Saint-Aubin-
2070 2619 2072 2628 ν

607 2661 770 2704 le-Cauf⁷
793 2661 855 2707 qui
876 2662 1102 2706 appartenait
1125 2674 1171 2696 au
1195 2663 1365 2708 seigneur
1390 2662 1434 2697 de
1464 2663 1618 2705 Neville,
1645 2671 1681 2697 et
1705 2662 1902 2709 dependait
1918 2661 1962 2695 de
1982 2661 2009 2694 la
2070 2691 2071 2694 ,

612 2721 827 2755 ςΙιῑιιθΗθῃὶο
845 2719 1036 2766 d’Arques.

657 2780 706 2824 (2)
728 2779 828 2813 Nous
846 2790 1000 2825 pensons
1020 2780 1108 2824 qu’il
1128 2780 1202 2814 saut
1222 2781 1427 2827 supprimer
1445 2781 1533 2826 ejus.
