2033 3445
93 289 210 336 [ma.
232 287 349 334 1096]
610 284 761 322 LIBER
790 284 970 321 NONUS.
1411 287 1484 326 471

90 368 456 432 omm'bussestis
474 370 797 434 apostolorum
817 380 861 415 et
888 369 1072 432 vigiliis
1096 388 1286 427 eorum;
1312 383 1364 418 ut
1388 373 1491 418 nul-

90 449 162 494 lus
187 447 321 492 homo
345 445 496 491 alium
529 446 756 503 assaliat,
782 455 869 491 aut
901 445 1141 502 vulneret,
1165 458 1250 493 aut
1272 448 1488 507 occidat,

91 523 246 569 nullus
265 539 492 568 namnum
514 524 580 583 (1)
605 521 683 568 vel
697 521 924 586 praedam
944 524 1125 585 capiat.

156 618 200 645 2.
229 599 408 645 Statuit
440 600 582 644 etiam
606 608 655 643 ut
672 615 835 644 omnes
857 598 1065 645 ecclesise
1091 609 1135 644 et
1152 602 1278 645 atria
1301 616 1489 659 earum,

92 687 133 722 et
158 675 380 722 monachi
406 687 449 720 et
467 675 655 732 clerici,
682 686 725 721 et
743 676 1132 722 sanctimoniales
1150 688 1194 721 et
1208 676 1430 737 seminoe,
1452 690 1495 723 et

86 754 327 819 peregrini
366 764 407 798 et
445 763 728 798 mercatores
767 763 812 798 et
828 750 1024 816 famuli
1061 771 1220 799 eorum
1234 792 1247 811 ,
1283 764 1327 799 et
1357 753 1493 800 boves

93 843 135 877 et
181 832 295 894 equi
330 841 523 876 arantes
566 841 609 875 et
653 829 862 876 homines
904 848 1133 877 carrucas
1182 832 1407 877 ducentes
1453 842 1496 877 et

93 908 378 952 herceatores
406 917 450 951 et
489 907 602 969 equi
627 905 688 951 de
724 905 894 969 quibus
926 906 1169 961 herceant,
1209 917 1253 952 et
1284 907 1495 954 homines

92 984 160 1029 acl
179 1001 407 1030 carrucas
411 981 664 1047 fugientes
674 1021 689 1041 ‚
713 995 756 1029 et
779 1000 942 1030 omnes
971 995 1106 1029 terrae
1131 983 1417 1030 Sanctorum.
1452 996 1495 1030 et

86 1061 306 1124 pecuniae
329 1061 630 1115 clericorum,
659 1071 891 1124 perpetua
918 1064 1012 1106 sint
1034 1064 1082 1106 in
1103 1078 1224 1125 pace
1246 1063 1317 1124 (2)
1331 1081 1344 1119 3
1372 1073 1422 1107 ut
1443 1064 1491 1108 in

90 1136 224 1182 nulla
246 1136 324 1182 (lie
347 1136 523 1200 aliquis
547 1136 727 1182 audeat
748 1153 827 1182 eos
850 1137 1075 1194 assalire,
1103 1137 1180 1182 vel
1200 1154 1392 1202 capere,
1417 1139 1496 1183 vel

83 1214 326 1280 ptoedari,
356 1214 432 1260 vel
450 1215 613 1277 aliquo
635 1214 778 1259 modo
802 1214 1046 1278 impedire.

155 1295 198 1338 3.
226 1292 405 1338 Statuit
434 1295 577 1338 etiam
614 1303 662 1337 ut
695 1310 851 1338 omnes
875 1292 1082 1339 homines
1094 1329 1108 1349 ,
1137 1311 1168 1339 a
1191 1310 1257 1340 x11
1284 1295 1426 1340 armis
1451 1307 1495 1340 et

87 1385 257 1432 supra,
275 1370 442 1433 jurent
473 1368 595 1415 hanc
631 1371 1006 1415 constitutionem
1042 1371 1197 1415 trevise
1225 1370 1344 1428 Dei,
1371 1372 1494 1417 sicut

89 1446 164 1492 ln'c
183 1445 500 1491 determinata
520 1457 613 1503 est,
637 1463 703 1492 ex
722 1448 907 1509 integro
925 1464 974 1492 se
992 1456 1282 1508 servaturos,
1307 1448 1397 1493 tali
1403 1449 1494 1512 ju-

91 1534 300 1568 rcmzento
329 1540 340 1568 .·
371 1523 472 1568 Hoc
506 1521 725 1578 audiatis,
767 1540 875 1582 vos,
920 1523 1003 1579 N.,
1038 1523 1164 1587 quod
1205 1540 1292 1587 ego
1324 1524 1494 1571 amodo

89 1600 134 1646 in
157 1610 290 1646 antea
311 1599 432 1647 hanc
451 1600 841 1647 constitutionem
859 1601 1021 1647 treviae
1041 1602 1152 1659 Dei,
1179 1602 1297 1648 sicut
1315 1601 1391 1648 hic
1407 1603 1494 1649 de-

88 1678 334 1724 terminata
368 1688 460 1735 est,
486 1677 692 1724 fideliter
714 1678 997 1736 custodiam,
1024 1690 1071 1725 et
1104 1690 1268 1726 contra
1301 1697 1492 1740 omnes,

88 1755 166 1819 qui
187 1754 307 1802 hanc
325 1756 486 1820 jurare
507 1756 904 1819 contempserint,
929 1756 1003 1801 vel
1038 1755 1159 1802 hanc
1192 1758 1496 1805 constitutio-

91 1850 196 1879 nem
214 1849 400 1879 servare
418 1834 680 1890 noluerint,
702 1833 921 1896 episcopo
941 1833 1015 1879 vel
1037 1832 1371 1881 archidiacono
1389 1852 1496 1882 meo

89 1910 315 1957 auxilium
328 1912 473 1957 seram
497 1931 507 1956 ;
531 1912 591 1956 ita
607 1922 677 1967 ut,
699 1911 734 1956 si
749 1927 823 1956 me
837 1911 1112 1957 monuerint
1127 1910 1184 1957 ad
1201 1911 1406 1958 eundum
1420 1931 1497 1959 su-

91 2003 174 2049 per
189 2004 290 2045 eos,
309 2004 397 2034 nec
409 1987 652 2051 diffugiam
666 2024 680 2045 ‚
702 2004 789 2034 nec
804 1987 1125 2045 dissimulabo,
1146 1987 1224 2034 sed
1236 2006 1343 2034 cum
1356 1991 1498 2036 armis

93 2064 205 2111 meis
221 2083 329 2112 cum
348 2066 447 2129 ipso
464 2065 752 2129 proficiscar,
777 2075 824 2111 et
841 2064 1086 2123 omnibus,
1113 2065 1282 2130 quibus
1300 2077 1471 2129 potero
1483 2106 1496 2128 ‚

90 2142 262 2207 juvabo
280 2142 498 2189 adversus
515 2143 620 2189 illos
637 2159 723 2206 per
742 2142 881 2189 fidem
906 2142 1006 2189 sine
1022 2143 1148 2190 malo
1170 2143 1389 2207 ingenio,
1420 2161 1498 2191 se—

95 2219 300 2266 cundum
323 2238 473 2267 meam
496 2221 849 2268 conscientiam.
871 2221 947 2267 Sic
972 2221 1094 2268 Deus
1116 2238 1192 2268 me
1214 2221 1424 2286 adjuvet,
1453 2234 1499 2269 et

99 2297 167 2343 isti
193 2298 375 2345 Sancti!

161 2380 205 2432 [1-
245 2375 426 2423 Statuit
443 2388 678 2440 proeterea
708 2389 879 2424 sancta
900 2378 1137 2439 synodus,
1166 2390 1215 2424 ut
1237 2396 1398 2426 omnes
1409 2378 1501 2443 se-

145 2536 193 2583 (1)
209 2537 280 2572 Sur
295 2551 335 2573 ce
354 2545 450 2582 mot,
471 2551 578 2586 voyez
598 2539 792 2583 ci-dessus‚
814 2546 839 2574 t.
860 2539 916 2583 ΙΙ,
937 2553 970 2587 p.
990 2539 1070 2575 520.

145 2598 195 2642 (2)
215 2598 266 2633 Ce
281 2610 396 2633 canon
413 2605 467 2633 est
483 2599 735 2647 remarquable
753 2612 798 2633 en
818 2611 858 2633 ce
875 2599 963 2646 qu'il
980 2600 1115 2635 semble
1130 2600 1296 2636 conse-rer
1313 2613 1380 2635 aux
1397 2601 1504 2635 chat>

102 2667 183 2690 rues
204 2668 276 2692 une
303 2664 398 2693 sot-tc
425 2658 470 2693 de
496 2658 595 2693 droit
620 2658 764 2699 d’asile,
794 2658 1141 2705 independamment
1170 2659 1215 2693 de
1240 2659 1273 2694 la
1300 2661 1502 2706 protection

102 2714 271 2750 accordee
292 2728 336 2750 au
358 2715 554 2752 laboureur
579 2724 615 2751 et
639 2730 683 2751 au
707 2718 872 2751 herseur.
894 2716 923 2750 ΙΙ
943 2724 996 2751 est
1016 2717 1193 2764 singuiiei·
1216 2730 1287 2765 quc
1307 2725 1401 2752 cette
1422 2730 1505 2764 pro-

101 2773 234 2809 tection
257 2775 342 2810 n’ait
361 2788 421 2821 pas
441 2778 498 2811 etc
515 2777 670 2811 c'tendue
688 2777 881 2823 jusqu’aux
900 2776 1051 2812 recoltes
1070 2789 1131 2812 sur
1151 2777 1234 2823 picd
1254 2784 1287 2811 vt
1308 2789 1374 2811 aux
1398 2778 1504 2811 mois-

104 2843 287 2869 sonncurs.
