2085 3455
560 316 639 353 5-26
927 316 1171 354 HISTORIA
1205 316 1610 355 ECCLEfflAsTicA.
1638 321 1714 369 [m
1732 332 1839 357 rm.
1866 323 1980 371 1098]

559 402 863 466 praemuniti,
890 415 1225 467 processerunt
1244 421 1268 450 e
1292 406 1481 462 castris,
1509 423 1617 451 cum
1636 407 1798 452 multis
1820 409 1984 454 utrius-

559 498 652 545 que
687 491 887 527 catervae
919 482 1155 529 lamentis.
1186 481 1355 528 Neutri
1383 481 1688 529 confidebant
1717 483 1775 530 dc
1798 501 1870 540 se,
1898 502 1984 532 nec

560 557 803 614 sacerdos,
831 575 918 605 nec
954 560 1146 617 mulier,
1176 576 1262 606 nec
1296 560 1568 623 popularis,
1598 577 1685 606 nec
1710 562 1861 607 miles.
1888 561 1984 608 Nec

562 636 635 681 isti
662 652 747 682 nec
773 636 841 681 illi
866 636 1126 700 sperabant·
1149 653 1195 683 se
1226 636 1282 684 de
1307 648 1482 684 caetero
1512 655 1645 701 posse
1674 639 1766 684 frui
1798 650 1986 703 aspectu

562 724 746 760 mutuo.
784 714 843 759 Hi
877 725 923 761 et
958 715 1025 760 illi
1053 714 1349 778 proruebant
1384 717 1429 761 in
1472 733 1695 763 carorum.
1728 717 1912 774 oscula,
1940 728 1987 764 et

559 808 725 838 omnes
760 793 807 836 in
848 792 1076 854 lacrymas
1112 792 1377 838 ciebantur.
1407 793 1583 839 Milites
1617 793 1839 857 hospitati
1879 806 1987 841 sunt

562 869 686 914 inter
720 868 942 924 fluvium,
971 870 1051 933 qui
1079 870 1278 933 antiquo
1314 871 1509 916 nomine
1542 870 1764 934 Daphnes
1796 883 1986 918 vocatus

558 957 626 992 est
644 947 663 1009 ζ
678 965 684 990 i
698 948 735 1009 )‚
760 946 840 1011 qui
862 947 1131 1009 praeterluit
1150 947 1456 993 Antiochiam
1472 958 1519 994 et
1535 949 1702 995 lacum.
1724 949 1987 996 Audierant

560 1023 795 1088 siquidem
831 1024 1013 1070 Turcos
1040 1024 1087 1069 in
1126 1025 1319 1071 castello
1350 1024 1507 1072 Arech
1533 1028 1833 1083 convenisse,
1862 1028 1985 1074 ultra

559 1101 762 1148 Pontem
802 1101 1050 1148 Ferreum.
1088 1102 1288 1166 impigri
1324 1101 1709 1149 Christianorum
1737 1105 1987 1167 optimates

560 1190 670 1226 ante
716 1180 940 1225 lucanum
977 1189 1333 1236 convenerunt,
1373 1191 1421 1226 et
1464 1197 1636 1227 aurora
1673 1182 1827 1245 prima
1871 1182 1986 1228 illu-

560 1269 789 1313 cescente,
815 1275 990 1322 gnaros
1013 1258 1340 1321 exploratores
1362 1258 1716 1322 praemiserunt.
1747 1259 1837 1318 Qui
1860 1260 1986 1306 cele—

562 1337 679 1382 riter
697 1347 989 1382 revertentes
1002 1372 1014 1392 ,
1039 1337 1222 1383 Turcos
1241 1335 1398 1383 adesse
1411 1373 1422 1392 ‚
1445 1347 1492 1382 et
1506 1335 1619 1382 duas
1639 1338 1850 1401 copiosas
1868 1338 1986 1384 acies

559 1415 909 1478 praestruxisse,
950 1416 1350 1462 acclamaverunt.
1378 1414 1613 1462 Viderant
1638 1416 1767 1462 enim
1794 1433 1872 1463 eos
1891 1453 1902 1473 ‚
1931 1433 1985 1463 ex

559 1494 704 1539 altera
734 1493 944 1539 {luminis
968 1494 1072 1557 ripa
1096 1493 1428 1540 accelerantes.
1452 1495 1588 1540 Tunc
1606 1493 1987 1541 Christianorum

560 1588 781 1635 proceres
806 1572 952 1617 locuti
981 1583 1093 1617 sunt
1112 1570 1170 1617 de
1202 1571 1332 1618 bello
1356 1570 1651 1628 ordinando,
1674 1583 1721 1619 et
1740 1574 1987 1636 negotium

563 1648 679 1695 illud
713 1649 1055 1695 commiserunt
1085 1648 1384 1695 Buamundo.
1413 1647 1656 1695 Ordinatae
1688 1660 1798 1695 sunt
1831 1650 1987 1714 itaque

560 1743 640 1773 sex
678 1727 814 1773 acies.
851 1726 1073 1790 Quinque
1113 1743 1170 1772 ex
1205 1717 1305 1772 illis'
1332 1737 1692 1789 processerunt,
1728 1744 1835 1791 quae
1871 1727 1984 1773 belli

561 1804 746 1869 pondus
773 1805 1083 1860 sustinerent,
1112 1814 1158 1849 et
1185 1804 1432 1849 inimicum
1457 1821 1626 1867 agmen
1648 1805 1897 1851 efficaciter
1919 1805 1988 1850 se—

561 1880 729 1928 rienslo
762 1881 1067 1944 repellerent.
1108 1878 1413 1926 Boamundus
1446 1897 1554 1926 cum
1581 1880 1678 1926 acie
1703 1898 1782 1926 sua
1808 1892 1988 1944 postre-

561 1976 665 2005 mus
701 1959 930 2023 paulatim
982 1957 1309 2022 gradiebatur,
1349 1956 1573 2004 omnibus
1614 1958 1891 2020 provisurus
1942 1969 1987 2003 et

560 2037 906 2093 subventurus,
932 2047 995 2093 et,
1023 2037 1059 2081 si
1084 2036 1228 2082 Turci
1255 2036 1572 2099 praevalerent
1608 2034 1876 2098 prioribus,
1908 2047 1986 2082 to-

561 2125 660 2160 tam
689 2113 803 2160 belli
831 2113 1157 2177 ingruentiam
1183 2123 1483 2175 excepturus.
1521 2112 1645 2157 Litui
1675 2112 1982 2176 clangebant,

560 2192 776 2239 buccinae
797 2190 1077 2238 reboabant.
1100 2191 1360 2255 Utriusque
1375 2189 1696 2236 multitudinis
1711 2190 1892 2237 clamor
1911 2208 1986 2235 au—

561 2269 799 2326 diebatur,
827 2280 873 2314 et
909 2269 1195 2315 acerrimum
1226 2277 1464 2314 certamen
1490 2267 1716 2331 utrinque
1739 2266 1980 2331 agebatur.

562 2348 788 2394 Cominus
841 2357 1057 2411 utraeque
1106 2345 1344 2392 instabant
1387 2346 1616 2409 legiones.
1665 2346 1770 2390 Jam
1823 2345 1985 2408 clypeo

563 2426 778 2489 clypeuS,
800 2426 899 2489 jam
921 2424 1132 2471 umbone
1159 2423 1306 2470 umbo
1330 2422 1670 2486 repellebatur,
1699 2433 1746 2468 et
1769 2422 1985 2468 confrac-

563 2504 621 2549 tis
647 2503 788 2549 hastis
813 2519 944 2549 enses
969 2501 1336 2548 mutilabantur.
1364 2501 1691 2565 Supervenere
1715 2501 1985 2546 Tul-corum

609 2652 660 2696 (1)
690 2650 867 2696 Daphne,
897 2650 1134 2696 aujourd⁷hui
1164 2650 1321 2693 Domin,
1351 2657 1405 2683 est
1432 2650 1451 2682 a
1479 2648 1575 2682 deux
1603 2648 1736 2682 heures
1766 2647 1811 2682 de
1838 2646 1983 2681 marche

564 2710 805 2751 d‘Antioche;
836 2711 855 2744 'a
879 2709 1010 2746 l‘ouest
1036 2709 1081 2745 de
1105 2716 1200 2744 cette
1223 2709 1306 2744 ville
1328 2716 1366 2744 et
1387 2711 1406 2743 a
1429 2709 1569 2755 gauchc
1592 2708 1636 2743 dc
1659 2708 1846 2748 l’Oronte,
1873 2718 1935 2741 sur
1952 2706 1983 2739 lc

566 2769 713 2803 chemin
741 2768 788 2803 de
815 2769 1017 2815 Lattaquic.
1046 2770 1110 2803 Les
1135 2781 1226 2803 eaux
1252 2768 1297 2803 de
1324 2780 1378 2802 ses
1405 2768 1583 2802 fontaines
1609 2774 1694 2801 vont
1719 2779 1755 2801 se
1776 2767 1872 2812 jeter
1897 2765 1982 2800 dans

565 2829 749 2864 l'Oronte.
