2033 3445
66 314 258 360 [AUTUMNO
285 312 403 362 1098]
588 311 741 349 LIBER
771 313 949 350 NONUS.
1390 312 1465 355 5³77

67 395 194 460 quod
219 396 348 443 omni
376 396 550 441 civitati
580 399 820 460 prominet
845 399 937 461 (1).
968 399 1197 447 Deorsum
1221 402 1380 448 civitas
1403 415 1471 450 est

65 473 286 522 decenter
317 472 564 531 aedificata,
604 486 650 520 et
680 474 853 538 duplici
890 493 1031 522 muro
1065 478 1244 524 circum
1274 480 1467 527 ambita.

67 550 230 596 Murus
287 550 488 596 interior
532 551 715 613 amplus
773 562 820 597 et
863 552 909 597 in
953 569 1059 598 aera
1099 565 1343 616 porrectus
1383 568 1467 603 est.

66 629 254 693 Magnis
282 639 328 675 et
355 627 544 693 quadris
579 628 813 692 lapidibus
847 641 1116 693 compactus
1152 642 1198 677 et
1231 636 1473 698 compagi-

68 719 203 755 natus
238 718 322 754 est.
357 709 410 753 ln
447 724 536 771 qua
569 707 694 753 muri
728 709 1005 772 compagine
1031 719 1185 755 turres
1213 721 1322 756 sunt
1353 728 1474 775 qua-

66 783 316 848 dringenta
343 784 686 848 quinquaginta
715 784 812 847 (2)9
840 785 1057 832 formosis
1085 797 1327 833 venustate
1353 804 1478 834 moe—

69 861 158 906 niis
194 871 240 906 et
271 859 472 906 defensae
505 861 892 924 propugnaculis.
928 862 1090 907 Murus
1130 863 1339 909 exterior
1374 880 1474 910 non

70 949 213 983 tantae
237 948 304 983 est
324 936 639 994 celsitudinis,
667 937 745 983 sed
769 948 924 984 tamen
951 938 1241 986 admirandae
1264 951 1477 987 venusta-

67 1015 142 1061 tis.
162 1015 389 1061 Continet
404 1015 449 1060 in
464 1031 510 1060 se
529 1025 760 1061 trecentas
775 1026 820 1061 et
834 1015 1144 1080 quadraginta
1160 1018 1372 1064 ecclesias
1384 1019 1471 1081 (ὅ).

65 1091 159 1137 Pro
190 1108 273 1137 suo
298 1108 471 1154 magno
493 1091 702 1154 primatu
728 1091 1042 1154 patriarcham
1066 1091 1230 1151 habet,
1259 1095 1332 1140 cui
1359 1111 1474 1141 cen-

66 1179 166 1213 tum
218 1168 560 1232 quinquaginta
613 1178 706 1213 tres
757 1168 961 1231 episcopi
1016 1168 1349 1233 subjiciuntur.
1400 1170 1476 1216 Ab

64 1244 258 1291 Oriente
278 1243 513 1290 clauditur
531 1255 736 1308 quatuor
753 1246 1019 1292 montaneis
1037 1247 1125 1308 (4),
1149 1245 1207 1292 ab
1225 1246 1477 1293 Occidente

64 1337 180 1367 vero
194 1321 394 1367 civitatis
409 1337 570 1367 muros
586 1321 748 1367 Farsar
768 1322 838 1384 (5)
855 1321 1030 1368 flumen
1049 1322 1347 1385 praeterfluit.
1365 1325 1478 1370 Haec

66 1399 352 1463 antiquitus,
381 1410 431 1444 ut
454 1399 769 1462 Hieronymus
794 1399 839 1444 in
864 1399 1194 1462 explanatione
1220 1400 1478 1464 propheta-

70 1492 176 1519 rum
201 1474 393 1530 scribit,
422 1473 652 1520 Reblatha
675 1475 747 1536 (6)
770 1474 891 1520 dicta
915 1486 1007 1532 est3
1031 1475 1108 1521 sed
1131 1494 1155 1520 a
1182 1476 1376 1523 Seleuco
1400 1477 1479 1522 Ni-

115 1624 165 1667 (1)
187 1622 291 1657 Cette
309 1621 531 1667 description
551 1620 602 1654 du
622 1621 759 1655 terrain
783 1627 837 1655 est
856 1621 929 1655 fort
949 1628 1085 1656 exacte.
1110 1623 1174 1656 Les
1192 1630 1320 1669 quatre
1343 1636 1479 1658 mame—

71 1683 166 1725 lons,
187 1682 277 1716 dont
297 1680 400 1727 parle
420 1687 525 1714 notre
544 1687 687 1722 auteur,
708 1687 790 1713 sont
816 1681 973 1726 compris
997 1681 1085 1715 dans
1110 1681 1300 1717 l'enceinte
1318 1682 1380 1717 des
1399 1695 1480 1717 mu-

71 1741 208 1784 railles,
232 1747 267 1775 et
288 1740 382 1774 celui
407 1740 469 1787 qui
496 1739 632 1786 portait
649 1740 680 1773 la
703 1739 888 1782 citadelle,
916 1746 970 1774 est
992 1739 1292 1775 l’avant-dernier
1308 1753 1352 1775 en
1372 1741 1482 1776 allant

68 1800 114 1835 de
132 1800 259 1834 l’ouest
277 1801 294 1833 a
311 1798 402 1833 l’est.

114 1862 164 1905 (2)
184 1858 398 1894 Guillaumc
417 1857 462 1891 de
480 1858 556 1904 Tyr
574 1857 655 1892 n’en
673 1864 818 1904 compte
836 1869 907 1904 que
924 1857 1015 1892 trois
1034 1864 1118 1892 cent
1137 1858 1310 1893 soixante.
1331 1859 1481 1893 Suivant

70 1916 354 1963 M..Pouj0ulat‚
374 1916 399 1950 il
414 1915 472 1961 n’y
486 1928 531 1950 en
548 1916 641 1950 avait
657 1927 702 1949 en
720 1922 802 1950 tout
816 1927 887 1962 que
905 1922 989 1950 cent
1005 1923 1144 1958 trente,
1163 1915 1256 1950 dont
1269 1917 1482 1963 cinquante-

70 1976 166 2010 deux
185 1982 267 2010 sont
286 1987 418 2009 encore
436 1987 481 2009 en
498 1984 592 2010 assez
610 1975 682 2009 bon
700 1977 787 2010 etat.
808 1976 873 2009 Les
891 1975 1074 2009 murailles
1090 1976 1226 2009 etaient
1239 1976 1484 2010 entierement

70 2035 272 2078 cre'uelees,
295 2043 333 2070 et
346 2035 418 2070 l’on
432 2049 453 2082 y
470 2036 665 2081 comptait,
685 2035 741 2069 dit
757 2047 807 2069 un
825 2042 955 2069 auteur
971 2034 1078 2069 arabe
1090 2062 1098 2077 ‚
1119 2035 1365 2082 vingt-quatre
1384 2035 1483 2069 mille

74 2097 263 2130 creneaux.
288 2095 335 2129 La
356 2095 439 2129 ville
460 2094 634 2129 moderne
655 2094 825 2129 d’Antaki
845 2095 1019 2140 n’occupe
1036 2106 1099 2140 pas
1116 2094 1149 2128 le
1167 2095 1314 2129 sixic=mc
1331 2094 1376 2128 de
1394 2094 1484 2129 l'an—

76 2156 205 2189 cienne
225 2155 403 2188 enceinte.
430 2154 530 2188 Pour
549 2153 691 2188 donner
709 2165 780 2187 une
806 2153 886 2188 idee
910 2153 954 2187 de
979 2152 1011 2186 la
1034 2152 1217 2199 grandem*
1238 2152 1283 2187 de
1306 2160 1398 2188 cette
1420 2165 1485 2187 en-

75 2214 215 2256 ceinte,
244 2213 269 2247 il
298 2225 387 2248 nous
413 2212 533 2248 suffira
559 2212 603 2247 de
630 2212 709 2247 dire
731 2212 928 2259 qu'Antaki
950 2219 1004 2246 est
1024 2214 1044 2246 a
1067 2211 1148 2258 plus
1173 2212 1282 2247 d'une
1304 2213 1417 2247 heure
1441 2212 1487 2246 de

80 2273 228 2308 marche
245 2273 290 2307 de
307 2272 339 2307 la
358 2279 463 2319 porte
479 2272 525 2307 de
542 2271 769 2307 Saint-Paul.

130 2332 181 2380 (3)
211 2333 335 2368 Pierre
369 2332 572 2367 Tudebode
603 2339 748 2379 compte
777 2330 892 2364 douze
924 2337 1024 2365 cents·
1054 2330 1182 2377 eglises
1213 2338 1249 2365 et
1282 2333 1371 2367 trois
1406 2338 1489 2366 cent

81 2394 243 2427 soixante
263 2393 497 2427 monasteres.

128 2454 178 2498 (4)
205 2453 273 2487 Ccs
297 2459 426 2499 quatre
452 2452 650 2486 inamelons
676 2464 720 2485 ne
741 2457 821 2485 sont
843 2461 903 2495 pas
927 2451 946 2483 ἐι
968 2449 1063 2491 Post,
1093 2451 1182 2484 mais
1205 2463 1248 2485 an
1275 2450 1364 2484 midi
1390 2450 1435 2485 de
1460 2451 1490 2484 la

85 2510 179 2545 ville.

133 2568 181 2614 (5)
210 2569 306 2603 Lisez
331 2585 336 2602 ;
362 2569 541 2612 I'Omnce,
569 2569 651 2616 qni,
685 2569 827 2602 suivant
852 2567 1019 2601 Fouclier
1043 2566 1088 2601 de
1118 2568 1292 2602 Cliartres
1321 2573 1357 2601 ct.
1385 2566 1492 2601 Guil-

86 2630 204 2663 laumc
223 2628 268 2662 ‹le
288 2629 376 2673 Tyr,
398 2630 486 2664 cluit
509 2629 634 2676 appele
653 2630 671 2662 ἐι
692 2634 784 2661 cette
802 2629 944 2673 epoque
965 2626 1061 2661 Fern
1082 2639 1127 2660 ou
1152 2627 1223 2661 Fer
1239 2639 1303 2672 par
1323 2626 1372 2660 les
1396 2624 1490 2659 iudi-

90 2690 210 2734 genes.

138 2747 186 2794 (6)
215 2749 319 2783 Cette
346 2750 577 2793 synonymie,
603 2750 691 2781 miso
715 2760 757 2779 vn
783 2753 884 2780 avant
914 2759 975 2792 par
999 2747 1088 2780 saint
1116 2746 1278 2785 ⁴lemine,
1307 2744 1391 2777 n⁷est
1419 2744 1493 2776 rien

90 2808 207 2841 moins
226 2808 544 2854 qn'autlwntique.

1244 2867 1266 2879 ,-

191 2884 262 2913 111.
1243 2878 1298 2924 07
