2085 3455
555 376 634 413 550
923 373 1166 411 HISTORIA
1196 372 1599 412 ECCLESIASTICA.
1701 378 1827 424 [JUN‘O
1852 376 1969 424 ist-98]

553 460 635 524 qui
673 459 911 506 civitatem
940 458 1011 506 abx
1029 459 1206 524 oppido
1245 471 1503 525 utcumque
1542 461 1669 506 tenui
1701 460 1974 507 discrimine

554 537 824 601 separabat,
853 536 1119 584 conducere
1144 554 1243 584 non
1268 548 1483 600 possent,
1516 537 1677 602 ignem
1703 538 1895 583 immitti
1926 538 1973 584 in

554 616 795 662 civitatem
818 614 1191 672 mandaverunt,
1219 626 1266 662 et
1289 616 1353 662 sic
1373 615 1577 662 eviratos
1608 614 1665 662 de
1689 614 1907 662 domibus
1930 627 1977 662 et

553 691 764 739 latibulis
790 692 1115 739 delitescentes
1139 702 1452 739 extraxerunt
1477 693 1564 755 (ι).
1594 692 1722 756 ignis
1745 693 1901 756 itaque
1927 692 1975 738 in

555 770 674 817 urbe
689 807 700 826 ‚
721 789 813 836 qua
833 781 968 835 parte
988 771 1218 833 palatium
1237 770 1444 817 Gassiani
1466 770 1796 833 prominebat,
1818 787 1978 817 accen-

554 865 629 894 sus
654 858 749 904 est,
778 858 824 893 et
851 846 910 892 ab
934 846 1051 892 hora
1085 845 1176 893 diei
1210 848 1348 893 tertia
1386 864 1532 911 usque
1557 846 1614 893 ad
1650 857 1841 893 noctem
1873 864 1978 893 me-

554 924 678 970 diam
695 961 705 980 ‚
729 941 828 970 non
855 922 1041 970 defecit.
1063 924 1128 968 Et
1151 923 1319 970 domus
1343 924 1419 970 vel
1442 924 1649 970 ecclesiae
1670 925 1861 971 circiter
1883 924 1979 971 duo

555 1001 705 1048 millia
723 1000 981 1047 combustae
999 1011 1127 1046 sunt..
1148 1002 1275 1064 Ignis
1290 1001 1437 1064 igitur
1450 1002 1629 1064 sopitus
1644 1013 1729 1058 est,
1752 1002 1978 1066 quoniam

556 1081 713 1128 omnis
731 1091 987 1126 ventorum
1000 1079 1160 1126 feritas
1175 1079 1383 1125 evanuit.
1407 1079 1663 1126 Christiani
1680 1116 1692 1136 ,
1711 1079 1979 1126 furentibus

557 1157 758 1204 flammis
795 1158 844 1203 in
891 1156 1106 1220 hospitiis
1146 1157 1261 1213 suis,
1299 1156 1460 1220 spoliis
1507 1157 1599 1202 suis
1635 1158 1712 1203 vix
1752 1159 1976 1221 arreptis,

558 1234 705 1281 coacti
726 1232 783 1279 ad
801 1233 941 1280 duces
961 1234 1306 1298 confugerunt,
1328 1251 1380 1279 ac
1401 1232 1457 1279 ad
1476 1243 1636 1296 portas
1654 1232 1810 1290 urbis,
1831 1251 1981 1280 excu-

558 1311 701 1358 bandi
739 1312 915 1377 gratia,
956 1312 1115 1371 locum
1150 1311 1471 1376 unusquisque
1509 1322 1810 1375 acceperunt.
1850 1312 1983 1358 Inter

558 1392 765 1438 Francos
790 1402 836 1437 et
863 1391 1046 1437 Turcos
1070 1389 1334 1453 oppidanos
1359 1388 1565 1435 assiduus
1592 1388 1839 1436 conflictus
1860 1400 1978 1436 erat.

559 1470 666 1515 Jam
698 1469 826 1515 enim
854 1484 927 1513 res
960 1466 1157 1514 brachio
1182 1484 1422 1532 manuque
1454 1467 1683 1513 duntaxat
1706 1466 1978 1531 gerebatur.

561 1550 665 1594 Jam
686 1547 901 1594 cominus
929 1547 1157 1610 utrinque
1180 1546 1468 1603 certabatur,
1498 1563 1586 1592 nec
1600 1539 1787 1592 Bellum
1807 1545 1864 1592 ad
1888 1564 1986 1592 mo-

560 1636 778 1672 mentum
813 1623 1272 1687 interrumpebatur.
1302 1625 1472 1680 Turci,
1501 1624 1660 1687 piures
1684 1641 1911 1676 numero,
1939 1636 1986 1670 et

563 1705 850 1768 impensiore
890 1703 1144 1750 confortati
1184 1702 1318 1758 cibo,
1366 1701 1547 1748 vicibus
1583 1703 1669 1748 sibi
1709 1702 1979 1760 succedere,

563 1781 684 1828 nihil
730 1782 1019 1828 intentatum
1062 1780 1432 1843 praetermittere
1449 1816 1460 1835 ,
1515 1780 1720 1826 Francos
1764 1779 1984 1826 audacter

564 1858 782 1923 aggredi,
809 1858 938 1905 ultro
975 1874 1021 1903 se
1055 1856 1385 1921 congressibus
1417 1857 1658 1920 ingerere,
1695 1857 1812 1903 alius
1839 1858 1984 1903 alium

565 1951 885 1983 commonere.
897 1934 1067 1980 Franci
1086 1950 1110 1980 e
1125 1945 1312 1991 contra,
1329 1932 1704 1980 immoderanter
1714 1934 1982 1998 angustiati,

566 2014 810 2070 vacillare,
832 2030 919 2059 nec
943 2011 1104 2058 cibum
1126 2028 1212 2058 nec
1228 2029 1452 2058 somnum
1469 2027 1635 2074 capere
1650 2048 1661 2067 ‚
1683 2012 1859 2076 quippe
1881 2013 1989 2075 qui-

566 2093 652 2139 hus
675 2092 804 2138 nulla
834 2089 1035 2136 dabatur
1063 2090 1265 2154 requies.
1290 2088 1455 2135 Altum
1483 2089 1626 2153 igitur
1648 2106 1842 2135 murum
1860 2089 1988 2135 silice

567 2181 614 2216 et
642 2178 877 2216 caemento
900 2184 1009 2213 cum
1034 2166 1160 2213 calce
1183 2166 1387 2231 aggressi
1412 2176 1522 2212 sunt
1544 2164 1832 2229 provehere,
1860 2183 1988 2230 quo-

567 2249 698 2295 niam
731 2247 904 2301 alium,
939 2261 1082 2310 quem
1119 2245 1508 2291 incaementatum
1538 2255 1815 2301 erexerant,
1843 2244 1987 2290 Turci

567 2326 700 2373 facile
719 2332 1098 2388 prostraverant.

635 2400 847 2462 Quadam
868 2411 1027 2457 nocte,
1055 2399 1115 2445 ab
1140 2398 1385 2445 occidente
1411 2399 1532 2463 ignis
1554 2398 1611 2444 de
1630 2399 1758 2445 coelo
1776 2398 1899 2444 visus
1922 2409 1990 2444 est

570 2479 821 2525 imminere
848 2478 943 2539 (2),
971 2487 1018 2522 et
1044 2478 1168 2522 intra
1193 2477 1463 2523 Tuscorum
1488 2486 1638 2523 castra
1669 2486 1894 2540 tanquam
1920 2493 1991 2521 ca-

617 2651 668 2695 (ι)
689 2647 841 2684 Suivant
856 2646 974 2680 Raoul
988 2646 1033 2680 de
1050 2647 1168 2689 Caen,
1188 2659 1228 2681 ce
1248 2647 1357 2681 serait
1373 2646 1406 2681 le
1419 2653 1538 2681 comte
1555 2646 1600 2680 de
1618 2645 1774 2681 Flandre
1791 2646 1855 2693 qui
1872 2647 1990 2680 aurait

572 2709 641 2744 mis
658 2708 692 2742 le
711 2707 771 2741 feu
790 2707 810 2740 a
829 2705 862 2739 la
883 2705 985 2748 vilie3
1006 2705 1094 2740 mais
1112 2706 1239 2740 Pierre
1255 2705 1477 2749 Tudebode,
1497 2706 1636 2740 tenioin
1656 2705 1833 2748 oculaire,
1853 2704 1991 2739 affirmo

571 2768 830 2816 positivement
850 2778 922 2813 que
942 2772 1036 2800 cette
1056 2778 1201 2800 mesurc
1221 2765 1278 2800 fut
1298 2766 1395 2812 prise
1413 2778 1478 2812 par
1494 2765 1698 2800 Boeinond.

618 2831 669 2874 (2)
696 2828 802 2863 Cotte
826 2827 952 2873 espect:
977 2826 1145 2861 d'aurore
1171 2826 1316 2860 boreale
1337 2827 1393 2860 fut
1412 2825 1538 2861 visible
1553 2825 1725 2873 jusqu'en
1744 2823 1985 2863 Normandio,

574 2897 605 2923 rt
627 2887 745 2923 Raoui
767 2887 810 2922 de
829 2886 925 2922 Caeli
946 2899 1037 2921 nous
1059 2893 1186 2921 attestc
1209 2899 1254 2921 cn
1279 2887 1376 2921 avoir
1401 2888 1571 2921 conserte
1594 2886 1626 2920 lc
1644 2886 1825 2923 souvcnir,
1849 2897 1986 2919 eminus
