2085 3455
551 277 629 315 346
918 277 1163 315 HISTORIA
1195 276 1599 316 ECCLESIASTICA.
1826 282 1963 333 [1090]

548 380 704 426 regeS,
732 374 779 409 et
815 379 899 427 per
934 380 996 409 xv
1023 380 1171 409 annos
1211 363 1354 409 armis
1394 362 1714 410 edomuerunt
1746 365 1967 412 Asiaticas

550 451 712 505 gentes
744 441 835 504 (1).
873 439 1187 487 Ebroicenses
1219 440 1394 486 multos
1428 440 1664 505 adjutores
1703 440 1964 499 habebant,

550 528 594 564 et
636 517 852 564 incendia
894 518 1040 564 multa
1083 517 1358 582 praedasque
1391 518 1657 565 Conchanis
1688 519 1968 583 plerumque

550 595 799 641 faciebant.
833 595 924 642 Sed
962 595 1201 642 interdum
1238 596 1335 653 illi,
1368 613 1467 642 non
1500 596 1734 660 dispares,
1770 597 1970 644 inimicis

552 673 747 720 taliones
787 672 1065 720 reddebant.
1106 673 1331 719 Radulsus
1364 675 1431 735 (2)
1468 673 1769 721 Rodbertum
1803 674 1971 722 ducem

552 749 721 807 adivit,
751 752 965 815 querelas
988 751 1272 797 damnorum
1288 787 1300 808 ,
1327 769 1433 816 quae
1459 770 1483 797 a
1508 750 1858 798 contribulibus
1881 754 1972 799 suis

551 829 839 890 pertulerat,
870 829 1131 885 intimavit,
1158 840 1204 874 et
1229 828 1377 875 herile
1409 830 1697 893 adjutorium
1728 830 1788 875 ab
1809 847 1867 877 eo
1890 847 1974 893 po-

553 906 731 968 poscit3
770 904 848 950 sed
887 906 1086 961 frustra,
1132 907 1239 970 quia
1277 906 1397 952 nihii
1433 907 1659 954 obtinuit.
1702 908 1825 953 Hinc
1862 908 1973 954 alias

553 999 810 1028 conversus
832 993 923 1038 est,
950 994 997 1028 et
1016 984 1127 1029 utile
1145 983 1233 1029 sibi
1256 985 1577 1047 patrocinium
1599 1003 1815 1050 quaerere
1838 1002 1974 1032 com-

552 1061 711 1123 pulsus
744 1071 828 1106 est.
856 1061 1035 1124 Regem
1061 1061 1249 1125 Angliae
1276 1079 1361 1125 per
1392 1063 1569 1127 legatos
1597 1081 1703 1110 suos
1738 1064 1974 1127 interpel-

552 1138 689 1194 lavit,
716 1139 852 1202 eique
874 1157 951 1184 sua
973 1140 1231 1186 infortunia
1256 1140 1526 1198 mandavit,
1556 1152 1602 1188 et
1626 1143 1661 1187 si
1688 1141 1775 1187 sibi
1801 1142 1976 1187 suffra—

551 1225 762 1277 garetur,
803 1232 849 1261 se
890 1227 936 1261 et
975 1217 1135 1262 onmia
1174 1234 1251 1262 sua
1286 1217 1522 1280 promisit.
1566 1219 1649 1264 His
1694 1217 1863 1264 auditis
1892 1235 1975 1265 rex

550 1294 733 1356 gavisus
756 1305 848 1351 est,
868 1305 915 1340 et
933 1295 1093 1340 efficax
1117 1294 1457 1341 adminiculum
1481 1294 1712 1359 indigenti
1738 1296 1976 1359 pollicitus

550 1383 635 1417 est.
661 1372 843 1418 Deinde
871 1372 1111 1436 Stephano
1142 1373 1304 1419 comiti
1330 1375 1423 1436 (3),
1456 1383 1502 1419 et
1525 1373 1739 1420 Gerardo
1764 1373 1822 1419 de
1844 1375 1976 1420 Gor-

551 1467 693 1507 naco,
716 1451 911 1515 aliisque
933 1450 1139 1497 tribunis
1159 1462 1206 1497 et
1229 1450 1613 1509 centurionibus,
1635 1452 1716 1516 qui
1736 1461 1975 1515 praeerant

554 1529 600 1574 in
641 1529 935 1575 Normannia
973 1529 1160 1575 familiis
1204 1532 1326 1593 ejus,
1360 1528 1604 1576 mandavit
1636 1540 1689 1575 ut
1719 1529 1974 1575 Radulfum

552 1607 660 1652 totis
683 1606 961 1671 adjuvarent
986 1606 1189 1663 nisibus,
1218 1618 1265 1653 et
1289 1607 1461 1670 oppida
1488 1611 1585 1671 ejus
1615 1608 1863 1654 munirent
1886 1624 1975 1668 ne-

551 1685 757 1729 cessariis
776 1684 1020 1731 omnibus.
1047 1685 1121 1731 Illi
1151 1697 1306 1731 autem
1333 1685 1475 1749 regiis
1489 1685 1777 1749 jussionibus
1799 1685 1975 1732 alacri-

552 1772 624 1806 ter
647 1760 1116 1818 obsecundaverunt,
1144 1772 1191 1808 et
1214 1761 1439 1819 Rudulfo,
1470 1779 1555 1826 per
1574 1763 1734 1810 omnia
1754 1763 1855 1826 regi
1875 1763 1975 1827 pla-

551 1855 656 1885 cere
679 1839 907 1896 nitentes,
930 1840 1172 1904 suffragati
1197 1851 1323 1886 sunt.

615 1915 778 1962 Mense
808 1916 1061 1963 novembri
1086 1916 1368 1962 Guillelmus
1390 1933 1546 1963 comes
1570 1918 1813 1981 ingentem
1841 1935 1974 1965 exer·

551 1994 697 2039 citum
733 1995 1033 2058 aggregavit,
1071 2006 1117 2041 et
1141 1994 1356 2042 Conchas
1381 2012 1653 2060 expugnare
1675 1997 1841 2060 coepit.
1869 1997 1975 2044 Duo

552 2082 746 2134 nepotes
772 2073 891 2136 ejus,
919 2073 1010 2118 viri
1036 2084 1277 2135 potentes,
1305 2073 1587 2120 Guillelmus
1610 2073 1668 2120 de
1693 2075 1904 2121 Bretolio
1928 2085 1974 2120 et

550 2147 778 2194 Ricardus
795 2148 852 2195 de
868 2149 1150 2196 Monteforti
1174 2151 1246 2214 (4)
1259 2186 1271 2206 ‚
1299 2168 1407 2197 cum
1428 2168 1484 2198 eo
1503 2162 1662 2208 erant,
1685 2162 1733 2198 et
1753 2169 1861 2198 cum
1878 2163 1975 2198 tur-

596 2374 646 2417 (ι)
666 2373 695 2406 Il
712 2374 854 2408 n⁷entre
870 2375 975 2420 point
991 2374 1080 2409 dans
1098 2382 1205 2410 notre
1222 2376 1315 2421 sujet
1334 2375 1379 2410 de
1398 2376 1560 2410 discuter
1579 2376 1625 2410 ici
1647 2383 1768 2410 tontes
1790 2376 1840 2411 les
1860 2376 1974 2411 sables

550 2433 663 2479 qu'on
683 2446 702 2467 a
723 2432 886 2468 debitees
907 2446 969 2468 sur
988 2435 1039 2469 les
1059 2437 1279 2478 Amazone53
1302 2448 1394 2470 nous
1415 2448 1507 2470 nous
1526 2443 1786 2471 contenterons
1806 2436 1851 2471 de
1871 2437 1974 2471 saisir

550 2499 646 2527 cette
667 2493 834 2527 occasion
856 2506 950 2540 pour
972 2494 1142 2541 deplorer
1163 2495 1209 2529 de
1236 2508 1399 2530 nouveau
1421 2494 1454 2528 la
1480 2502 1582 2542 perte
1608 2495 1653 2530 de
1677 2496 1880 2531 l'immense
1905 2509 1972 2531 ou·-

550 2564 657 2599 vrage
689 2553 896 2600 historique
928 2553 973 2588 de
1003 2554 1153 2600 Trogue
1183 2556 1368 2601 Pompee,
1401 2554 1491 2589 dont
1522 2555 1573 2590 les
1602 2557 1898 2603 contemporains
1927 2556 1973 2591 de

551 2619 657 2647 notre
678 2619 809 2647 auteur
827 2613 1045 2659 jouissaient
1064 2627 1210 2649 encore.

599 2674 650 2716 (2)
673 2672 791 2707 Raoul
813 2673 868 2715 ΙΙ,
892 2674 1063 2720 seigneur
1085 2674 1130 2709 de
1150 2674 1334 2716 Combe&
1361 2676 1451 2709 mari
1475 2674 1674 2710 d'Isabelle.

600 2731 648 2777 (5)
671 2724 845 2775 Isticnne,
871 2740 989 2767 cointe
1011 2734 1215 2768 d’Anmnl‹=.

597 2794 645 2838 212)
670 2793 850 2835 Hicharsl7
876 2794 1046 2836 seigneur
1067 2794 1111 2827 «lv
1136 2794 1519 2829 montfort-‘1³imam-i,
