2033 3445
628 300 778 338 LIBER
805 299 1008 337 SEXTUS.
1461 298 1505 335 41

132 402 177 437 et
194 407 277 454 per
291 390 518 435 seniorem
539 387 829 432 Gualterium
851 393 1169 449 cognomento
1183 382 1421 429 Gifardum
1441 386 1511 446 (1)

133 468 325 514 omnino
358 463 598 509 interdixit
644 480 703 509 ne
732 463 854 508 ullus
896 462 1099 525 aliquam
1131 459 1512 506 consuetudinem

131 562 207 591 seu
227 540 521 605 privilegium
540 539 710 603 absque
727 538 1067 586 monachorum
1080 537 1318 583 voluntate
1339 537 1386 581 in
1407 536 1512 598 ipsis

132 620 337 667 haberet.
372 619 556 663 Fratres
599 634 785 682 quoque
818 618 912 681 ejus
942 636 952 661 ε
979 615 1255 662 Guillelmus
1286 613 1432 658 Rufus
1468 624 1514 658 et

129 697 354 743 Henricus
373 711 503 759 reges
528 695 814 758 Anglorum,
841 705 978 758 atque
996 691 1264 740 Goisfredus
1287 690 1512 753 archiepi-

127 790 315 836 scopus,
338 772 494 819 omnia
515 789 619 836 quae
641 772 913 835 praescripta
934 781 1059 826 sunt,
1087 767 1382 816 Uticensibus
1404 784 1513 813 mo-

125 849 282 896 nachis
305 860 656 906 concesserunt,
676 850 754 912 qui
771 851 866 913 jam
889 865 973 911 per
996 848 1169 894 multos
1188 863 1334 892 annos
1356 843 1514 891 eadem

126 928 172 973 in
195 943 305 990 pace
328 925 648 990 possederunt.
676 926 899 973 Canonici
925 926 1098 990 quippe
1116 922 1358 971 monachis
1378 937 1516 968 cesse-

123 1014 234 1050 runt
247 1040 259 1060 ,
283 1004 389 1069 quia
408 1004 604 1050 virtutes
621 1020 785 1050 eorum
801 1039 812 1059 ,
836 1020 951 1067 quos
967 1003 1142 1067 assequi
1164 999 1445 1065 nequibant,
1466 1000 1513 1044 in

121 1081 340 1128 omnibus
363 1080 588 1127 excellere
617 1080 855 1127 viderunt.
888 1080 1189 1126 Guinimarus
1212 1080 1336 1125 enim
1361 1088 1407 1124 et
1433 1078 1516 1123 Be-

122 1158 354 1213 nedictus,
375 1169 512 1222 atque
537 1157 773 1204 Johannes
794 1157 916 1204 filius
934 1158 1072 1220 ipsius
1096 1155 1338 1202 monachis
1362 1154 1516 1218 pluri-

122 1235 208 1281 bus
226 1236 359 1281 annis
383 1236 589 1282 comitati
612 1245 742 1292 sunt,
770 1234 1041 1298 morbisque
1061 1232 1248 1279 tandem
1286 1233 1515 1295 ingraves-

125 1313 335 1359 centibus
378 1312 688 1359 decesserunt.
730 1311 1020 1358 Gislebertus
1053 1320 1230 1364 autem,
1267 1309 1346 1371 qui
1384 1307 1516 1354 sociis

125 1387 343 1434 omnibus
377 1388 630 1450 sapientior
672 1387 933 1443 eminebat,
968 1396 1014 1431 et
1046 1384 1315 1430 Gualterius
1347 1400 1517 1430 mona-

125 1463 310 1509 chatum
322 1474 487 1526 sponte
505 1463 765 1515 subierunt,
780 1473 825 1508 et
837 1461 1205 1508 emendatiorem
1220 1460 1365 1504 vitam
1380 1459 1492 1521 polli
1503 1487 1515 1492 -

125 1551 302 1595 centes,
320 1541 417 1603 jam
434 1541 562 1586 senio
583 1539 715 1585 fracti
733 1541 1075 1603 migraverunt.

184 1616 307 1662 VIII.
328 1616 466 1663 Nunc
488 1616 545 1663 de
564 1618 875 1680 generositate
896 1615 1214 1679 Alsagensium
1231 1613 1446 1669 heroum,
1471 1624 1517 1659 et

119 1692 331 1740 moribus
354 1710 518 1740 eorum
542 1694 656 1740 libet
681 1711 936 1758 parumper
960 1704 1204 1740 annotare.
1234 1691 1513 1746 Gulbertus‚

120 1782 434 1835 cognomento
455 1770 718 1818 Advocatus
735 1771 791 1817 de
809 1773 980 1817 Sancto
997 1770 1248 1816 Gualerico
1263 1770 1353 1832 (2),
1372 1769 1514 1815 filiam

165 1962 216 2005 (1)
233 1961 388 1996 Gautier
413 1960 574 2002 Giffard,
597 1960 785 1995 deuxieme
806 1961 854 1994 du
873 1973 977 2001 nom,
999 1967 1116 1995 comte
1135 1960 1178 1994 de
1203 1959 1454 2005 Buckingham
1482 1967 1517 1993 vt

121 2020 289 2066 seigneur
307 2020 351 2054 de
366 2019 610 2066 Longueville.

168 2078 219 2124 (2)
246 2079 276 2114 Il
302 2079 405 2125 s'agit
434 2079 477 2113 ici
507 2078 550 2112 dc
587 2078 1106 2119 Saint-Valeri-sur-Somme‚
1135 2077 1225 2112 dont
1247 2077 1297 2111 les
1334 2078 1518 2123 seigneurs

125 2137 295 2171 n'etaient
320 2150 389 2184 que
418 2137 468 2171 les
493 2138 621 2171 avoues
646 2137 690 2172 de
711 2137 871 2184 l’abbaye
894 2137 1024 2172 sondee
1051 2149 1116 2183 par
1133 2136 1292 2171 Clotaire
1310 2148 1355 2170 en
1371 2134 1458 2178 615,
1482 2142 1518 2169 ct

123 2197 142 2228 a
163 2194 317 2241 laquelle
336 2195 366 2229 la
385 2196 605 2229 suzerainete
624 2195 673 2228 du
692 2194 765 2229 lieu
780 2196 1018 2241 appartcnait.
1037 2195 1188 2229 Comme
1207 2194 1292 2228 c'est
1309 2193 1353 2228 de
1372 2206 1411 2227 ce
1437 2200 1519 2239 port

124 2266 194 2300 que
222 2254 254 2288 la
276 2254 377 2289 ssotte
405 2254 614 2289 Normaude
644 2256 755 2301 partit
789 2267 881 2301 pour
915 2254 1001 2289 aller
1031 2255 1225 2301 conquerir
1249 2253 1489 2299 l'Angleterre
1508 2280 1515 2288 .

124 2313 149 2347 il
167 2314 253 2347 e'tait
278 2313 484 2360 impossible
506 2328 576 2361 que
601 2328 653 2349 ses
677 2316 881 2361 seigneurs,
902 2314 1084 2348 d’ailleurs
1107 2314 1206 2348 allia-s
1233 2320 1268 2348 et
1286 2319 1431 2360 parents
1456 2312 1518 2346 des

125 2372 225 2416 dues,
240 2373 376 2407 fussent
388 2373 528 2408 oublie's
541 2374 629 2409 dans
641 2375 674 2408 le
687 2381 834 2420 partage
848 2373 910 2408 des
926 2374 1033 2408 fruits
1048 2373 1093 2408 de
1106 2373 1139 2407 la
1156 2374 1316 2414 victoire‚
1336 2373 1398 2407 des
1414 2371 1519 2418 qu’ils

124 2432 316 2466 voulurent
333 2432 416 2466 bien
435 2446 457 2479 y
487 2434 562 2468 ctre
582 2434 752 2480 compris.
778 2433 883 2467 Aussi
904 2433 1060 2468 Vautier
1084 2444 1132 2467 ou
1151 2433 1306 2467 Gautier
1333 2431 1376 2465 de
1397 2431 1517 2466 Saint-

126 2491 248 2526 Valeri
262 2492 494 2538 possedait-il,
509 2501 611 2528 entre
625 2500 743 2528 autres
757 2493 953 2535 domines,
971 2493 1002 2527 le
1013 2493 1155 2527 manoir
1166 2491 1409 2534 d'Isleworth,
1423 2491 1520 2525 chef-

126 2550 197 2584 lieu
220 2550 304 2584 d'un
324 2552 494 2586 hundred
514 2553 602 2587 dans
616 2553 647 2587 le
668 2554 786 2587 comte
801 2551 845 2585 de
864 2551 1083 2594 Middlescx,
1103 2558 1138 2586 et
1156 2552 1217 2598 qui
1240 2563 1258 2584 a
1276 2550 1438 2596 toujours
1455 2549 1519 2583 fait

126 2609 240 2654 partie
267 2609 312 2643 de
345 2609 375 2643 la
412 2611 585 2645 baronnie
615 2611 659 2646 de
681 2610 929 2646 Saiut-Valeri
958 2623 1003 2646 en
1033 2610 1266 2657 Angleterre‚
1297 2617 1333 2644 et
1358 2608 1515 2647 Robert,

126 2675 242 2702 comte
255 2669 299 2703 de
318 2670 456 2711 Dreux7
476 2684 520 2705 cu
537 2671 751 2717 jouissait-il
769 2682 898 2705 encore
911 2684 955 2705 en
978 2682 1064 2705 1220
1081 2683 1125 2704 au
1145 2670 1243 2704 droit
1257 2670 1301 2704 de
1315 2681 1349 2703 sa
1368 2669 1515 2705 semme,

126 2728 270 2760 Annora
284 2755 291 2769 ‚
316 2727 384 2761 fille
406 2735 440 2762 ct
467 2730 637 2764 beriticrc
659 2729 702 2764 de
721 2730 900 2771 Thomas,
922 2729 1088 2774 seigneur
1106 2729 1150 2763 de
1168 2727 1517 2764 Saint-Yaleri-sur-

126 2785 280 2819 Somnio,
