2033 3445
65 309 178 360 [944]
569 304 720 343 mmm
747 303 955 342 SEXTUS.
1416 304 1464 339 97

68 395 449 449 vociferantibus,
476 394 790 438 irreverenter
810 400 1089 453 rapuerunt.
1117 388 1187 434 lbi
1213 389 1464 444 nimirum,

68 472 327 536 rapacitatis
347 468 539 516 habenis
551 468 748 515 omnino
763 467 998 523 relaxatis,
1020 465 1261 512 neminem
1275 466 1466 511 reveriti

67 560 175 596 sunt
183 585 197 606 ,
217 546 295 594 sed
314 545 460 593 libros
475 556 522 591 et
537 555 683 591 vestes
696 581 709 601 ,
727 544 1000 608 variamque
1015 542 1355 606 supellectilem
1376 553 1471 588 tam

66 624 407 673 monachorum
442 640 585 687 quam
612 622 838 668 clientum
866 639 1034 668 eorum
1063 619 1392 683 diripuerunt,
1426 630 1473 666 et

68 711 408 766 perscrutantes
424 698 583 746 omnia
601 716 706 763 quae
722 698 924 762 pridem,
942 696 1201 753 monachis,
1226 707 1277 742 ut
1292 695 1473 742 dictum

67 790 158 837 est,
182 779 288 842 ipsis
307 775 644 842 pandentibus,
666 786 1024 840 compererant,
1049 775 1356 821 sustulerunt.
1382 774 1474 819 De-

66 857 207 920 nique
227 855 377 919 juncti
402 854 598 918 reliquae
622 852 943 910 multitudini,
968 852 1024 898 de
1045 853 1276 899 Neustriae
1301 850 1475 898 linibus

66 935 303 989 exierunt,
325 944 371 979 et
390 933 453 979 sic
473 950 637 979 omues
654 931 925 996 conglobati
945 930 1002 976 ad
1023 931 1175 977 natale
1193 931 1350 977 solum
1368 947 1477 975 cum

68 1010 224 1074 praeda
242 1010 465 1074 repedare
478 1011 833 1057 festinaverunt.
854 1010 1094 1056 Uticenses
1111 1020 1268 1056 autem
1284 1009 1331 1054 in
1351 1019 1477 1054 tanta

68 1088 353 1136 desolatione
379 1089 517 1134 nimis
546 1087 768 1152 lugubres
799 1087 952 1134 effecti
980 1097 1116 1145 sunt,
1149 1097 1195 1133 et
1223 1086 1338 1150 quid
1365 1102 1478 1149 age-

71 1177 202 1222 rent,
230 1166 304 1212 vel
329 1183 424 1230 quo
451 1167 574 1212 irent
596 1166 770 1211 amissis
793 1164 1015 1211 omnibus
1038 1165 1332 1219 nescierunt3
1361 1181 1480 1210 con-

71 1242 280 1289 sideratis
303 1254 459 1289 tamen
485 1242 756 1297 eventibus,
783 1260 887 1288 cum
912 1242 1138 1288 translato
1161 1253 1293 1305 patre
1318 1253 1480 1288 sancto

75 1320 364 1384 peregrinari
387 1319 718 1367 decreverunt.

138 1397 339 1458 Quidam
358 1414 498 1444 senex
516 1396 820 1454 venerabilis,
850 1398 1042 1443 nomine
1064 1397 1331 1453 Ascelinus,
1358 1397 1483 1443 utici

76 1477 355 1539 praepositus
382 1477 451 1538 (1)
477 1487 602 1531 erat,
637 1476 936 1538 officiumque
965 1475 1205 1537 prioratus
1227 1474 1486 1521 secundum

74 1553 479 1615 opportunitatem
504 1552 729 1615 temporis
751 1551 1006 1616 diligenter
1029 1551 1211 1616 agebat.
1236 1553 1346 1608 Hic,
1372 1551 1486 1597 dum

76 1628 263 1676 vidisset
285 1629 540 1676 monachos
563 1642 609 1675 et
635 1647 800 1676 eorum
824 1631 1042 1677 vernulas
1070 1632 1115 1676 in
1144 1631 1291 1677 nimio
1318 1631 1488 1677 consti-

78 1716 200 1752 tutos
220 1723 454 1762 moerore,
477 1718 521 1752 et
543 1725 705 1753 omnes
724 1707 844 1753 velle
862 1708 1017 1754 locum
1035 1708 1212 1770 pariter
1228 1707 1489 1754 desolatum

76 1785 427 1849 derelinquere,
463 1797 739 1850 patremque
773 1785 963 1831 beatum
995 1803 1191 1850 peregre
1220 1785 1350 1850 sequi
1381 1803 1490 1831 cum

80 1863 238 1910 hostili
261 1864 472 1927 agmine,
500 1865 646 1910 multa
680 1881 836 1910 secum
866 1865 1113 1910 revolvens
1145 1864 1304 1910 subtili
1336 1863 1491 1910 medi-

81 1941 284 1997 tamine,
323 1940 530 1987 decrevit
564 1940 739 1988 ibidem
776 1959 881 1987 cum
918 1941 1088 1988 timore
1122 1943 1314 1989 Domini
1347 1941 1491 1988 finem

81 2035 216 2063 suum
239 2030 500 2080 expectare.
527 2019 741 2082 Denique
771 2030 964 2065 cunctos
995 2021 1161 2065 iratres
1184 2019 1419 2075 accersiit,
1446 2030 1492 2065 et

84 2096 129 2140 in
156 2112 305 2141 unum
330 2096 625 2160 congregatis
644 2096 708 2141 ait
733 2116 742 2140 ;
764 2098 863 2141 Pro
884 2101 1096 2161 peccatis
1114 2102 1305 2153 nostris,
1338 2109 1381 2143 et
1397 2117 1490 2162 pa-

83 2182 203 2217 trum
218 2182 498 2227 nostrorum,
517 2173 935 2238 divinapercussio
955 2192 1198 2238 supernos
1220 2174 1488 2231 descendit,

83 2259 126 2293 et
149 2249 415 2294 terribilimr
437 2253 641 2306 1¹1·ruen,s·‚
670 2268 751 2296 nos
783 2263 824 2295 et
850 2263 1010 2297 nostra
1029 2255 1219 2315 penitus
1244 2252 1488 2309 contrivit,

84 2326 552 2392 irreparabiliterque
580 2329 768 2391 dejecit.
805 2329 936 2375 Ecce
968 2330 1135 2375 Jadeae:
1173 2331 1489 2393 omnipotens,

85 2404 206 2449 sicut
243 2422 336 2468 per
378 2423 547 2451 mamm
593 2405 1033 2453 NalmClzoclonosot·
1072 2419 1114 2452 et
1154 2409 1492 2455 (ss'lzaldoeorum

86 2481 350 2528 Jerusalem
371 2494 413 2527 el
439 2484 664 2548 templum,
685 2485 952 2531 Salonwm's
971 2486 1232 2539 destruxit,
1258 2498 1495 2533 sanctua—

89 2560 301 2622 riumque
324 2579 460 2606 §num
482 2562 614 2623 jusle
638 2562 904 2607 lmtm'liavit
921 2598 929 2613 ,
964 2568 1032 2608 sic
1060 2581 1150 2627 pet·
1177 2580 1348 2609 numus
1386 2565 1493 2608 Hu—

135 2749 247 2791 (1)Ce
269 2757 343 2784 mot
361 2758 413 2784 ost
432 2752 475 2785 ici
496 2764 694 2796 synonymo
714 2751 758 2786 «lc
778 2753 915 2798 prieur,
937 2765 1080 2788 comme
1099 2752 1273 2799 l'indique
1292 2753 1323 2787 la
1341 2754 1435 2787 suite
1453 2752 1497 2787 (le

94 2806 126 2838 la
147 2806 275 2852 plu-ase
927 2810 931 2813 ’

197 2882 268 2911 ΗΞ.
1279 2890 1299 2898 ’-

1284 2914 1294 2932 s
