2085 3455
599 296 678 332 250
963 295 1206 332 HISTORIA
1237 295 1636 333 ECCLESIASTICA.
1872 299 2010 349 [1087]

596 381 903 445 desipuerunt
919 383 1016 445 (ι),
1038 400 1090 428 ac
1109 384 1143 427 si
1166 382 1521 429 multitudinem
1542 382 1748 429 hostium
1767 384 2012 432 imminere

596 457 705 505 urbi
723 457 968 515 vidissent,
997 459 1174 504 turbati
1199 471 1325 506 sunt.
1351 460 1684 524 Unusquisque
1704 458 1908 517 deloco,
1933 461 2013 507 ubi

599 545 725 591 erat,
765 536 978 592 recessit,
1017 547 1063 581 et
1101 535 1215 600 quid
1246 547 1406 601 ageret
1439 556 1462 582 a
1501 537 1724 600 conjuge,
1764 538 1838 583 vel
1873 536 2016 584 obvio

600 612 772 671 sodali,
798 614 872 659 vel
892 614 1045 660 amico
1065 615 1315 660 consilium
1333 615 1566 679 quaesivit.
1591 615 1681 660 Res
1700 632 1801 660 suas
1821 615 2017 679 quisque

600 701 680 736 aut
703 691 1062 747 transmutavit,
1090 702 1170 736 aut
1196 702 1512 738 transmutare
1534 691 1769 747 decrevit,
1796 691 2018 755 pavidus-

601 788 693 834 que
716 787 775 816 ne
801 771 1131 816 invenirentur
1155 770 1418 817 abscondit.

668 848 892 912 Religiosi
917 847 1109 894 tandem
1134 849 1250 905 viri,
1282 849 1440 894 clerici
1465 859 1511 894 et
1536 847 1783 904 monachi,
1813 847 2019 894 collectis

604 923 784 969 viribus
801 934 848 969 et
865 924 1042 969 intimis
1059 923 1267 970 sensibus
1284 926 1633 988 processionem
1651 923 2017 979 ordinaverunt,

605 1000 799 1047 honeste
820 1000 973 1047 induti
998 1019 1106 1048 cum
1129 1001 1348 1049 crucibus
1368 1013 1415 1048 et
1439 1001 1693 1048 thuribulis
1717 1000 1773 1047 ad
1799 1001 2022 1047 Sanctum

605 1078 883 1124 Gervasium
914 1090 1271 1141 processerunt,
1304 1091 1349 1125 et
1382 1080 1589 1125 animam
1616 1080 1739 1143 regis
1767 1076 2023 1124 secundum

606 1172 792 1202 morem
822 1167 995 1202 sanctae
1028 1156 1382 1203 christianitatis
1413 1159 1513 1204 Deo
1549 1155 2019 1204 commendaverunt.

607 1235 744 1280 Tunc
773 1233 1055 1280 Guillelmus
1079 1234 1457 1298 archiepiscopus
1483 1236 1618 1299 jussit
1652 1246 1704 1280 ut
1734 1251 1905 1296 corpus
1930 1234 2026 1297 ejus

609 1309 870 1357 cadomum
896 1310 1184 1367 deferretur,
1225 1311 1384 1376 ibique
1418 1313 1465 1358 in
1501 1311 1688 1358 basilica
1725 1311 1879 1357 Sancti
1915 1311 2025 1356 Ste-

610 1387 753 1451 phani
780 1389 1171 1451 protomartyris,
1201 1407 1343 1453 quam
1368 1390 1465 1453 ipse
1490 1389 1788 1444 condiderat,
1819 1388 2028 1434 tumula—

611 1476 760 1511 retur.
788 1465 824 1510 V
833 1482 967 1511 erum
990 1466 1158 1512 fratres
1182 1468 1279 1530 ejus
1302 1478 1349 1512 et
1372 1468 1558 1532 cognati
1584 1469 1681 1532 jam
1710 1466 1770 1512 ab
1793 1483 1849 1513 eo
1874 1483 2028 1512 reces-

611 1553 797 1598 serant,
835 1554 881 1590 et
914 1560 1077 1590 omnes
1111 1545 1315 1590 ministri
1348 1546 1443 1608 ejus
1475 1562 1613 1602 eum,
1651 1556 1702 1591 ut
1736 1544 2025 1601 barbarum,

612 1622 831 1685 nequiter
858 1620 1179 1668 deseruerant.
1212 1622 1349 1669 Unde
1384 1641 1468 1669 nec
1504 1640 1624 1669 unus
1657 1622 1713 1669 de
1752 1622 2030 1672 satellitibus

612 1699 752 1762 regiis
780 1709 848 1744 est
877 1700 1122 1755 inventus,
1156 1700 1236 1763 qui
1271 1711 1459 1746 curaret
1489 1699 1547 1746 de
1577 1700 1786 1764 exequiis
1818 1700 2031 1762 corporis

615 1776 772 1839 ipsius.
795 1778 930 1823 Tunc
953 1779 1227 1835 Herluinus,
1255 1780 1470 1842 pagensis
1489 1794 1648 1842 equeS,
1672 1778 1873 1824 naturali
1900 1777 2033 1824 boni-

614 1865 708 1900 tate
733 1865 1045 1918 compunctus
1066 1866 1159 1913 est,
1183 1867 1228 1902 et
1248 1874 1411 1902 curam
1430 1857 1736 1919 exequiarum
1759 1873 1848 1919 pro
1871 1872 2032 1902 amore

614 1933 698 1978 Dei
736 1943 783 1978 et
821 1932 1004 1980 honore
1044 1935 1195 1998 gentis
1236 1951 1329 1980 suae
1368 1934 1574 1980 viriliter
1614 1934 1906 1997 amplexatus
1945 1943 2029 1979 est.

614 2011 927 2058 Pollinctores
963 2013 1118 2075 itaque
1149 2024 1194 2058 et
1221 2013 1502 2075 vespiliones
1530 2031 1582 2058 ac
1609 2012 1879 2058 vehiculum
1902 2028 2033 2058 mer-

616 2088 727 2136 cede
759 2089 817 2135 de
856 2091 1062 2153 propriis
1096 2091 1361 2154 sumptibus
1394 2090 1647 2146 conduxit,
1684 2090 1880 2137 cadaver
1912 2091 2033 2153 regis

615 2165 673 2212 ad
690 2177 884 2229 portum
902 2167 1130 2232 Sequanae
1146 2167 1333 2214 devexit
1346 2205 1356 2223 ,
1381 2169 1749 2232 impositumque
1767 2168 1873 2213 navi
1889 2183 2034 2231 usque

617 2244 879 2291 cadomum
901 2262 986 2309 per
1010 2264 1178 2310 aquam
1203 2257 1248 2292 et
1274 2246 1454 2292 aridam
1479 2245 1716 2309 perduxit.

683 2324 819 2369 Tunc
847 2323 1049 2370 domnus
1080 2324 1371 2371 Gislebertus
1394 2324 1537 2370 abbas
1562 2325 1630 2387 (2)
1662 2341 1770 2370 cum
1799 2333 2037 2369 conventu

616 2400 965 2447 monachorum
1004 2413 1289 2448 veneranter
1327 2402 1518 2449 obviam
1561 2402 1737 2447 feretro
1777 2400 2030 2464 processit,

618 2477 789 2542 quibus
806 2478 922 2525 flens
937 2490 983 2525 et
997 2496 1137 2526 orans
1158 2479 1414 2527 multitudo
1434 2479 1719 2526 clericorum
1740 2489 1787 2525 et
1806 2478 2035 2524 laicorum

664 2691 712 2734 (1)
733 2690 784 2724 ΕΙ
801 2691 940 2733 ραίιυῑι.
964 2691 1032 2724 Ms.
1053 2691 1096 2724 (lc
1117 2691 1148 2725 la
1168 2693 1267 2726 rcinc
1285 2692 1329 2726 dc
1350 2692 1483 2727 Suedc.

667 2751 715 2794 (2)
740 2750 924 2784 Gislelicrt
947 2751 990 2784 do
1011 2752 1233 2789 Conium-os,
1259 2753 1350 2787 abb&
1370 2753 1413 2786 (lc
1438 2744 1714 2787 Saiiit-23Ii'112nn2·
1734 2751 1777 2785 (lc
1797 2753 1892 2786 (laen
1913 2752 2035 2796 (1079-

628 2824 636 2842 'a
653 2823 707 2843 101
719 2813 740 2841 Ν.
