2085 3455
611 305 689 341 262
977 303 1221 340 HISTORIA
1251 303 1650 341 ECCLESIASTICA.
1745 306 2012 356 [1087-1088]

610 390 766 435 statim
788 389 844 436 de
866 390 1093 453 praetorio
1118 390 1267 452 ejecit.
1292 390 1392 436 Hoc
1416 406 1604 453 quoque
1626 389 1734 435 fecit
1755 389 2009 446 Bellismae,

610 477 655 512 et
686 465 907 512 omnibus
933 466 1033 511 aliis
1061 467 1257 512 castellis
1282 468 1400 524 suis,
1424 477 1469 512 et
1495 484 1591 513 11011
1619 466 1768 512 solum
1797 467 1911 523 suis,
1939 467 2015 513 sed

611 554 656 588 et
678 543 724 588 in
746 544 1014 589 vicinorum
1034 560 1227 589 suorum
1241 580 1252 600 ,
1280 561 1397 608 quos
1419 543 1503 589 sibi
1526 560 1659 606 pares
1678 541 2016 606 dedignabatur

612 620 808 674 habere,
852 620 1146 683 municipiis,
1192 637 1297 683 quae
1337 631 1415 666 aut
1456 620 1734 666 intromissis
1772 619 2017 665 clientibus

610 699 701 743 suis
739 696 826 742 sibi
852 696 1142 761 subjugavit,
1171 709 1250 743 aut
1290 698 1503 760 penitus,
1539 713 1600 742 ne
1641 695 1727 741 sibi
1767 695 2017 760 aliquando

610 775 826 820 resistere
854 785 1066 836 possent,
1093 773 1342 820 destruxit.
1370 774 1646 820 Guillelmus
1670 773 1834 829 etiam,
1866 790 2019 819 comes

612 850 912 896 Ebroicensis
931 886 942 906 ,
969 850 1025 895 de
1057 850 1291 914 dangione
1313 852 1465 914 regios
1500 851 1679 913 expulit
1699 849 2016 906 excubitorem

611 939 657 973 et
693 928 972 972 Guillelmus
1005 927 1062 972 de
1096 928 1324 984 Britolio,
1361 946 1413 973 ac
1441 926 1662 972 Radulfus
1701 926 1757 973 de
1790 925 2016 982 Conchis,

612 1006 784 1069 aliique
815 1022 978 1051 omnes
1009 1006 1055 1050 in
1084 1023 1162 1050 sua
1190 1005 1369 1052 ditione
1398 1004 1682 1068 redegerunt
1708 1004 2017 1060 munitiones;

612 1095 663 1128 ut
694 1084 1012 1147 unusquisque
1042 1082 1190 1129 libere
1216 1094 1369 1146 posset
1393 1094 1557 1129 contra
1591 1083 1796 1128 vicinum
1820 1099 1955 1126 suum
1978 1093 2023 1126 et

613 1160 987 1206 collimitaneum
1026 1176 1244 1206 exercere
1292 1161 1558 1206 inimicitias
1600 1159 1905 1205 damnabiles.
1949 1159 2024 1204 Sic

612 1254 832 1300 proceres
866 1237 1097 1282 ‘Neustriae
1129 1237 1186 1283 de
1218 1237 1564 1283 munitionibus
1592 1238 1682 1282 suis
1711 1253 1873 1283 omnes
1903 1236 2024 1299 regis

613 1314 824 1360 custodes
861 1315 1174 1378 expulerunt,
1201 1316 1499 1379 patriamque
1539 1314 1712 1360 divitiis
1753 1314 2023 1376 opulentam

612 1392 817 1454 propriis
847 1391 1027 1437 viribus
1054 1392 1261 1438 vicissim
1291 1391 1666 1454 expoliaverunt.
1694 1391 1813 1453 Opes
1845 1390 2023 1454 itaque,

612 1486 724 1531 quas
774 1468 941 1532 Anglis
981 1469 1175 1532 aliisque
1215 1469 1432 1532 gentibus
1468 1469 1700 1515 violenter
1743 1478 2022 1531 rapuerant,

612 1547 786 1592 merito
814 1545 1073 1592 latrociniis
1100 1557 1147 1591 et
1170 1547 1349 1609 rapinis
1373 1546 1699 1609 perdiderunt.

677 1622 850 1668 Omnes
880 1622 1043 1669 ducem
1068 1622 1365 1669 Rodbertum
1392 1623 1587 1669 mollem
1607 1640 1702 1669 esse
1726 1623 2025 1688 desidemque

612 1699 983 1762 cognoscebant,
1010 1711 1056 1745 et
1080 1699 1257 1746 idcirco
1280 1700 1534 1746 facinorosi
1556 1717 1663 1746 eum
1682 1699 2022 1763 despiciebant,

611 1788 658 1822 et
698 1794 786 1839 pro
825 1776 965 1822 libitu
1002 1794 1085 1824 suo
1125 1776 1309 1823 dolosas
1347 1777 1571 1823 sactiones
1608 1777 1867 1840 agitabant.
1911 1777 2027 1823 Erat

612 1854 786 1916 quippe
823 1852 946 1898 idem
982 1852 1078 1899 dux
1110 1853 1259 1899 audax
1296 1865 1342 1899 et
1374 1853 1578 1911 validus,
1616 1854 1858 1918 multaque
1893 1854 2027 1900 laude

611 1929 805 1992 dignus;
825 1929 1015 1993 eloquio
1031 1929 1281 1987 facundus,
1305 1930 1383 1976 sed
1405 1931 1451 1976 in
1478 1931 1709 1994 regimine
1729 1932 1795 1978 sui
1815 1949 2026 1978 suorum-

611 2025 701 2071 que
723 2007 1096 2053 inconsideratus
1110 2043 1122 2063 ‚
1152 2008 1199 2054 in
1219 2007 1462 2072 erogando
1482 2007 1708 2072 prodigus
1723 2045 1734 2065 ,
1762 2010 1808 2054 in
1829 2010 2027 2072 promit-

613 2083 754 2130 tendo
790 2083 1013 2141 diffusus,
1062 2085 1118 2131 ad
1164 2085 1493 2132 mentiendum
1539 2087 1652 2132 levis
1698 2097 1744 2132 et
1785 2087 2023 2144 incautus,

614 2162 879 2207 misericors
910 2163 1223 2226 supplicibus,
1261 2163 1318 2209 ad
1346 2164 1575 2228 justitiam
1600 2181 1740 2227 super
1768 2164 1930 2228 iniquo
1952 2164 2026 2210 fa-

612 2237 827 2285 ciendam
847 2240 1005 2286 mollis
1027 2251 1073 2286 et
1092 2252 1380 2298 mansuetus,
1406 2242 1451 2287 in
1474 2241 1750 2287 definitione
1765 2240 2021 2295 mutabilis,

613 2315 661 2361 in
683 2317 1039 2363 conversatione
1059 2318 1280 2364 omnibus
1300 2320 1440 2365 nimis
1458 2318 1658 2365 blandus
1675 2331 1721 2365 et
1742 2318 2021 2377 tractabilis,

613 2391 811 2456 ideoque
828 2395 1061 2456 perversis
1075 2406 1121 2441 et
1140 2396 1469 2459 insipientibus
1483 2395 1804 2459 despicabilis3
1826 2413 2024 2459 corpore

611 2479 768 2514 autem
779 2468 936 2515 brevis
951 2481 996 2515 et
1008 2488 1209 2534 grossus,
1225 2471 1425 2537 ideoque
1438 2472 1762 2518 Brevis-Ocrea
1775 2473 1815 2534 (1
1826 2473 1844 2534 >
1857 2490 1878 2518 a
1893 2483 2024 2535 patre

612 2555 679 2588 est
695 2546 1076 2608 cognominatus.
1096 2548 1198 2610 Ipse
1219 2549 1400 2595 cunctis
1419 2549 1604 2612 placere
1621 2547 1859 2605 studebat,
1888 2565 2025 2594 cunc-

613 2622 762 2684 tisque
786 2622 914 2685 quod
942 2623 1165 2685 petebant
1189 2637 1268 2672 aut
1291 2625 1455 2682 dabat,
1485 2637 1564 2671 aut
1590 2624 1923 2689 promittebat,
1952 2625 2021 2671 vel

612 2699 914 2745 concedebat.
939 2702 1187 2766 ProdiguS,
1211 2704 1477 2751 dominium
1501 2715 1690 2767 patrum
1705 2721 1897 2750 suorum
1912 2719 2022 2766 quo-

661 2874 707 2912 ·(ij
733 2872 1025 2907 Comae-Homo,
