2033 3445
34 307 45 320 ι
69 297 205 349 notin]
558 292 713 330 LIBER
742 291 993 328 ocrAvus.
1409 292 1489 330 347

67 383 155 429 mis
189 381 281 426 suis
327 379 587 426 Concheios
632 376 994 441 impugnabant.
1044 377 1116 423 lbi
1165 378 1393 424 Ricardus
1433 379 1491 425 de

67 456 345 505 Montesorti
361 492 374 511 ‚
401 455 514 501 dum
540 453 860 501 coenobialem
884 454 1065 499 curiam
1085 454 1214 500 Beati
1236 454 1364 499 Petri
1390 455 1493 501 Cas-

66 535 270 583 tellionis
296 534 366 597 (1)
392 531 663 583 invaderet,
692 548 779 578 nec
807 549 897 595 pro
928 532 1195 577 reverentia
1222 531 1490 580 monacho—

66 631 197 669 rum,
223 611 304 676 qui
330 628 438 657 cum
475 609 664 656 fletibus
703 610 1016 656 vociferantes
1044 609 1305 655 Dominum
1343 610 1491 655 inter-

64 689 327 756 pellabant,
350 687 409 733 ab
447 687 670 750 incoeptis
694 686 964 742 desisteret,
989 686 1149 733 hostili
1177 686 1271 732 telo
1294 698 1491 749 repente

63 784 305 832 percussus
322 776 389 811 est
400 801 413 821 ,
438 766 633 829 ipsoque
649 764 724 810 die
740 782 847 810 cum
865 764 1077 810 maximo
1095 764 1226 809 luctu
1242 764 1490 827 utriusque

64 845 208 909 partis
243 853 460 890 mortuus
493 854 578 889 est.
608 842 875 889 Germanus
913 842 1043 888 enim
1081 843 1228 887 frater
1261 852 1362 887 erat
1399 843 1491 888 Isa-

62 922 139 968 bel
164 923 262 984 (2),
301 932 348 967 et
380 938 437 967 ex
472 937 635 968 sorore
664 937 811 983 nepos
836 919 1079 966 Guillelmi
1107 920 1310 966 comitis.
1351 919 1490 966 Unde

63 998 411 1047 formidabilem
440 999 729 1045 marchisum
754 1009 955 1062 utraque
983 1015 1090 1061 pars
1120 998 1265 1054 luxit3
1294 997 1376 1061 qui
1401 1016 1490 1061 pro

64 1077 211 1124 nimio
242 1089 428 1124 tumore
457 1088 504 1124 et
530 1077 839 1141 procacitate,
868 1077 1179 1140 pertinaciter
1208 1077 1389 1121 malum
1416 1078 1489 1122 fa—

64 1155 204 1210 ciens,
226 1155 425 1201 interiit.
445 1153 655 1200 Cadaver
671 1165 829 1199 autem
849 1153 1063 1216 praedicti
1080 1153 1243 1198 militis
1261 1152 1317 1198 ad
1335 1153 1490 1198 natale

63 1231 215 1278 solum
238 1250 261 1277 a
287 1233 380 1277 suis
407 1232 690 1277 translatum
708 1242 776 1276 est
794 1266 805 1285 ‚
835 1242 882 1277 et
908 1230 1172 1293 Asparlone
1194 1231 1264 1292 (5)
1293 1231 1338 1275 in
1360 1230 1491 1276 cimi—

65 1309 185 1355 terio
209 1309 355 1355 sancti
386 1309 586 1356 Thomae
613 1309 814 1372 apostoli
840 1309 1077 1371 sepultum
1103 1319 1188 1354 est.
1217 1307 1287 1353 Ibi
1320 1324 1490 1371 nempe

63 1385 252 1449 Majoris
267 1386 544 1431 Monasterii
560 1385 798 1449 regulares
811 1384 1031 1432 monachi
1051 1386 1150 1430 Deo
1165 1385 1378 1431 serviunt
1396 1385 1486 1446 (4),

64 1461 224 1527 ibique
243 1464 402 1509 senior
424 1463 608 1520 Simon,
631 1462 859 1508 Amalrici
881 1462 1029 1518 filius,
1053 1472 1099 1507 et
1116 1461 1199 1508 filii
1220 1462 1316 1525 ejus
1337 1472 1492 1507 tumu-

63 1540 142 1586 lati
169 1550 295 1586 sunt.

126 1617 235 1664 Non
254 1617 407 1664 multo
427 1628 533 1681 post
552 1616 866 1664 Ebroicenses
886 1617 1044 1663 denuo
1062 1616 1337 1680 conglobati
1358 1629 1485 1671 sunt,

63 1706 108 1742 et
130 1694 349 1743 dolorem
372 1714 509 1742 suum
535 1695 696 1742 ulcisci
734 1697 1000 1759 cupientes,
1028 1695 1307 1742 Conchense
1340 1696 1489 1741 terri—

64 1775 241 1821 torium
260 1774 523 1838 depraedari
551 1776 754 1839 aggressi
775 1786 901 1820 sunt.
929 1775 1064 1820 Tunc
1084 1774 1309 1820 Radulsus
1327 1792 1491 1838 perva-

64 1850 213 1898 lidum
236 1869 403 1916 agmen
431 1852 489 1898 de
514 1853 606 1899 suis
630 1863 677 1898 et
703 1851 760 1898 de
783 1851 958 1897 familia
987 1852 1111 1915 regis
1135 1851 1325 1908 habuit,
1355 1852 1490 1915 cupi-

63 1928 225 1995 disque
257 1931 492 1977 tironibus
517 1930 639 1977 foras
672 1946 949 1993 erumpere,
984 1929 1148 1977 dixin:
1182 1932 1487 1987 Armanzinz‘,

64 2019 106 2053 ec
124 2019 272 2053 estote
290 2009 487 2072 parati;
508 2007 595 2053 secl
613 2006 674 2054 de
699 2007 962 2053 munitione
985 2024 1083 2052 non
1105 2006 1312 2064 exeatis,
1335 2006 1491 2053 donec·

65 2101 148 2148 ego
168 2085 373 2150 jubeam
413 2085 569 2132 vobis.
603 2086 754 2131 Sinite
793 2085 950 2131 hostes
987 2084 1163 2149 prceda
1197 2086 1412 2142 onerari,
1446 2095 1491 2130 et

66 2163 360 2211 discedentes
400 2181 587 2210 meeum
626 2163 833 2210 viriliter
867 2164 1185 2209 insectamini.
1222 2162 1298 2208 llli
1331 2172 1489 2208 autem

64 2239 269 2305 principi
294 2258 404 2298 suo,
434 2241 516 2305 qui
542 2240 855 2304 probissimus
882 2251 929 2287 et
952 2240 1136 2286 militiae
1157 2258 1330 2305 gnarus
1355 2251 1456 2286 erat
1474 2277 1485 2296 ‚

65 2317 471 2378 obsecundarunt,
496 2331 542 2366 et
577 2319 802 2366 abeuntes
844 2337 952 2365 cum
996 2321 1154 2383 praeda
1193 2319 1484 2383 pedetentim

113 2507 162 2552 (1)
183 2506 360 2554 L’abbaye
381 2506 426 2541 de
446 2507 694 2541 saint-piem
717 2506 762 2541 de
780 2505 978 2549 Castillon‚
1001 2513 1188 2541 attenante
1206 2509 1224 2541 ἐι
1244 2507 1428 2549 Conchcs,
1453 2514 1489 2541 ct

68 2565 130 2612 qui
150 2565 232 2600 s'est
252 2565 402 2612 appelee
422 2567 756 2612 posterieureinent
778 2565 938 2611 l’abbaye
959 2565 1004 2600 de
1025 2566 1206 2601 Conches.

112 2625 162 2670 (2)
180 2625 323 2660 Fratris
341 2627 530 2661 [sabellis.
550 2627 619 2661 Ms.
640 2625 684 2659 de
704 2626 734 2659 la
755 2625 855 2659 reinc
875 2625 920 2659 de
938 2626 1072 2661 Suede.

113 2683 162 2729 (3)
184 2677 372 2732 Epernon,
395 2688 414 2721 ἐι
431 2694 561 2734 quatre
580 2687 693 2721 lieucs
710 2685 756 2720 de
778 2686 1172 2722 Montsort-I'Amauri.

115 2744 165 2789 (4)
184 2745 235 2779 Ce
254 2746 403 2792 prieur(-
425 2753 480 2781 cst
499 2748 594 2781 sitne
615 2746 704 2781 dans
729 2758 777 2779 un
800 2746 981 2791 faubourg
1003 2749 1150 2781 nonum}
1173 2747 1204 2782 le
1226 2748 1347 2790 Boni-g
1369 2746 1465 2779 Sain!

71 2803 241 2839 Thomas,
