2033 3445
77 293 110 340 [ι
124 290 212 338 130]
579 287 727 325 Lissfflz
755 287 960 325 sExTUs.
1397 297 1470 331 119

76 395 160 441 pro
180 376 523 424 monachorum
542 373 731 436 negotio
751 382 984 434 precatur.
1009 373 1173 419 Comes
1194 386 1349 421 autem
1368 395 1470 439 pre-

76 455 193 501 canti
224 453 458 499 avunculo
483 448 718 505 concedit,
748 459 793 495 et
823 465 907 512 per
942 449 1180 496 Andream
1209 449 1468 515 dapiferum

74 548 203 578 suum
241 527 605 576 Resbacensibus
644 527 990 573 concessionem
1031 545 1158 574 suam
1199 528 1466 586 mandavit,

74 608 150 672 qui
175 606 230 653 ad
259 605 384 652 diem
415 621 510 669 quo
543 603 756 667 reliquiae
779 603 1168 650 monstrabantur
1194 622 1289 652 non
1316 607 1467 661 venit,

74 683 148 730 sed
169 681 289 746 apud
311 682 632 737 colummers,
663 680 847 726 comitis
871 691 1073 726 castrum
1101 683 1200 744 (ι),
1230 683 1470 729 remansit.

74 761 185 806 Illuc
203 759 433 807 Uticensis
451 756 595 804 abbas
616 767 663 804 et
684 756 919 804 Guarinus
941 758 1170 823 Sagiensis
1189 778 1241 806 ac
1265 760 1474 807 Andreas

74 836 391 884 Columbensis
424 836 496 900 (2)
530 835 587 881 ad
620 833 859 881 Andream
893 848 1223 899 perrexerunt.
1264 836 1388 896 Quos
1423 849 1473 884 ut

72 913 202 970 vidit,
218 914 420 978 benigne
434 912 652 976 suscepit,
675 928 842 959 eorum
860 913 1155 960 orationibus
1174 931 1220 961 se
1239 931 1475 962 commen-

71 991 215 1047 davit,
243 991 588 1038 concessionem
611 990 796 1036 comitis
820 991 1077 1049 intimavit,
1106 1008 1245 1055 seque
1270 992 1474 1057 legatum

73 1066 176 1113 inde
205 1077 252 1112 et
276 1065 592 1131 fidejussorem
626 1065 878 1111 nuntiavit.
907 1067 1041 1113 Tunc
1070 1067 1307 1114 Guarinus
1334 1067 1474 1114 abbas

73 1144 202 1190 laetus
221 1161 329 1190 cum
348 1144 483 1191 sociis
504 1142 762 1189 Resbacum
784 1145 1026 1200 remeavit,
1051 1155 1098 1190 et
1119 1144 1297 1190 Natalis
1314 1144 1472 1202 abhas,

72 1232 120 1267 ut
150 1222 497 1268 concessionem
533 1220 735 1268 consulis
766 1219 969 1276 audivit,
1001 1221 1282 1283 poenitentia
1319 1233 1474 1268 motus

69 1297 193 1362 quod
217 1299 457 1345 Uticenses
485 1296 620 1344 valde
646 1307 915 1353 vexaverat,
945 1298 1066 1343 votis
1094 1314 1259 1344 eorum
1288 1300 1471 1344 annuit.

70 1375 333 1422 Amalricus
373 1376 526 1439 itaque
559 1375 696 1438 prior
731 1391 868 1420 mane
903 1385 1189 1421 conventum
1227 1376 1471 1433 excitavit,

70 1470 174 1499 cum
207 1452 502 1499 Uticensibus
531 1452 586 1499 ad
617 1451 858 1498 basilicam
888 1451 1047 1509 duxit,
1083 1454 1332 1518 omnisque
1357 1472 1475 1501 con-

69 1540 232 1576 ventus
260 1529 472 1576 ordinata
505 1530 802 1592 processione
833 1528 890 1574 ad
923 1529 1177 1575 sacrarium
1208 1529 1352 1576 vadit.
1386 1531 1476 1577 Vas

68 1617 364 1670 argenteum,
401 1607 448 1652 in
485 1623 581 1671 quo
617 1607 670 1651 B.
698 1605 885 1652 Ebrulfi
922 1606 1121 1670 pignora
1153 1607 1303 1653 clausa
1341 1621 1475 1654 erant

66 1684 316 1748 frangitur,
345 1684 558 1748 reliquiae
579 1694 852 1729 reverenter
871 1682 1205 1742 extrahuntur,
1228 1684 1475 1733 brachium

67 1760 285 1808 dextrum
309 1778 415 1808 cum
442 1761 598 1825 pixide
630 1762 765 1824 plena
795 1761 1012 1807 fracturis
1036 1762 1207 1808 ossium
1233 1774 1472 1827 erogatur.

68 1838 303 1885 Uticenses
336 1839 490 1902 itaque
526 1839 571 1884 in
607 1838 875 1883 Neustriam
907 1837 1176 1898 redierunt,
1202 1851 1342 1905 atque
1366 1842 1472 1888 Uti-

69 1932 174 1960 cum
196 1924 282 1962 V11⁰
301 1915 391 1960 kal.
416 1915 536 1978 junii
562 1915 632 1977 (3)
660 1926 997 1978 pervenerunt.
1025 1916 1196 1981 Magna
1221 1919 1478 1965 multitudo

70 1993 310 2056 utriusque
334 2010 464 2037 sexus
486 1991 581 2038 sere
603 1991 659 2038 ad
685 2003 889 2056 quatuor
910 1994 1057 2040 millia
1080 1996 1326 2052 convenit,
1351 2014 1402 2042 ac
1422 1996 1477 2042 ad

69 2070 354 2134 suscipienda
391 2070 508 2116 tanti
542 2071 730 2133 patroni
769 2070 992 2118 beneficia
1032 2073 1266 2129 occurrit,
1304 2083 1350 2119 et
1384 2075 1480 2137 ejus

70 2156 174 2192 ante
196 2146 347 2192 Deum
375 2146 592 2211 suffragia
626 2148 887 2210 promereri
918 2148 1027 2194 fusis
1053 2148 1269 2211 precibus
1292 2152 1474 2215 sategit.

71 2223 200 2288 AEgri
240 2223 531 2270 diversarum
573 2224 901 2271 infirmitatum
942 2226 1154 2272 molestia
1195 2231 1477 2292 praegravati

71 2312 347 2359 accurrunt,
373 2312 419 2347 et
442 2301 646 2348 remedia
671 2302 762 2347 suis
785 2301 1029 2349 doloribus
1049 2302 1108 2349 ab
1129 2303 1373 2352 Altissimo
1396 2323 1480 2369 per

71 2376 181 2422 almi
203 2378 345 2440 patris
362 2377 547 2423 Ebrulfi
570 2378 735 2424 merita
753 2377 1029 2441 deposcunt,
1052 2391 1098 2426 et
1117 2380 1311 2443 plurimi
1335 2382 1476 2444 petita

117 2522 168 2562 (ι)
190 2520 456 2555 Coulommicrs
477 2535 521 2556 cn
545 2522 645 2564 Brie,
672 2526 689 2557 ἐι
713 2523 807 2557 deux
831 2523 942 2557 licucs
960 2523 1004 2558 dc
1022 2524 1156 2559 Rebais
1174 2532 1211 2560 et
1229 2538 1290 2559 sur
1311 2525 1341 2559 la
1363 2527 1478 2561 nid-nic

75 2578 214 2612 riviere.

118 2638 168 2681 (Ἰ)
191 2638 240 2672 Ce
266 2650 506 2686 personnage‚
534 2640 621 2676 dont
642 2641 665 2675 il
686 2642 739 2675 n'a
761 2651 822 2687 pas
842 2653 974 2676 encore
992 2644 1048 2676 etc
1069 2643 1182 2689 pai-lc,
1205 2643 1323 2677 dcvau
1339 2643 1414 2677 etr«-
1433 2655 1478 2675 ou

74 2695 166 2730 natis
188 2695 232 2731 de
259 2697 524 2734 Coulommicrs
551 2702 808 2741 (adumbrat-ia
819 2703 850 2740 1¹,
878 2712 924 2735 ou
951 2702 1071 2736 moine
1097 2702 1140 2736 dv
1166 2701 1363 2737 Coulonibs
1392 2702 1461 2740 ((ὀ

76 2755 240 2799 lumboe).

120 2813 167 2857 ‘3‘
188 2814 232 2847 Iu·
253 2815 295 2849 226
315 2818 381 2849 mai
