2033 3445
592 277 736 314 LIBER
764 276 969 314 SEXTUS.
1424 284 1472 321 45

92 365 396 429 perturbavit.
419 361 625 407 Tandem
649 361 780 428 miles
797 360 1007 414 effectu&
1038 362 1281 424 pulchram
1305 378 1350 411 et
1371 368 1472 414 elo—

90 453 308 506 quentem
322 439 547 495 Ariciam,
562 436 828 484 Herbranni
846 438 915 501 (i)
930 436 1090 496 filiam,
1106 457 1298 486 uxorem
1316 442 1443 489 duxit
1457 466 1468 502 3

89 521 213 582 eujus
237 515 430 563 consilio
452 525 497 560 et
524 515 670 578 sagaci
697 525 866 561 conatu
885 532 908 559 a
928 515 1121 578 pristina
1147 519 1374 580 pravitate
1390 522 1470 567 ali-

86 605 309 659 quatenus
328 590 500 638 retrahi
522 592 683 654 coepit.
702 592 818 637 Erat
835 593 960 637 enim
975 592 1178 656 prudens
1196 606 1242 641 et
1258 597 1468 654 facunda,

85 682 128 718 et
149 690 171 716 a
196 668 451 734 puerilibus
474 669 606 714 annis
627 669 726 715 Deo
746 668 910 716 devota
924 705 935 725 ‚
963 671 1212 736 multisque
1234 691 1322 736 pro
1342 692 1471 738 posse

83 765 164 795 suo
196 747 331 794 bonis
352 746 572 810 operibus
606 745 777 793 dedita.
803 748 913 794 Haec
946 758 1039 794 tres
1072 749 1238 796 fratres
1273 750 1472 799 habebat

82 826 329 888 praeclaros
362 824 531 870 milites
561 844 571 868 :
608 823 869 870 Jordanum
916 836 960 871 et.
993 826 1299 874 Guillelmum
1335 841 1472 894 atque

80 901 399 958 Rodbertum;
425 917 629 964 quorum
649 901 821 948 auxilio
844 903 1050 950 sororius
1076 921 1239 950 eorum
1272 906 1318 951 in
1344 906 1471 954 dolo-

80 997 150 1026 sos
168 995 458 1043 persuasores
482 979 751 1041 praevaluit,
778 990 823 1025 et
850 979 1010 1043 plura,
1035 998 1140 1044 quae
1165 981 1470 1030 fraudulentis

79 1055 449 1120 surreptionibus
473 1055 789 1120 nequidquam
805 1055 1083 1103 distraxerat
1101 1076 1153 1105 ac
1175 1059 1465 1122 perdiderat,

79 1135 387 1198 recuperavit.
426 1135 618 1180 Praesata
655 1135 824 1180 mulier
860 1135 966 1181 viro
1007 1153 1089 1181 suo
1123 1135 1243 1183 filios
1275 1149 1320 1184 et
1356 1138 1469 1184 filias

77 1228 274 1258 numero
293 1229 362 1258 x11
385 1211 587 1275 peperit,
612 1228 817 1274 quorum
847 1212 1073 1275 majorem
1096 1224 1277 1275 partem
1300 1215 1468 1260 imma-

76 1300 177 1334 tura
197 1306 322 1336 mors
340 1290 387 1335 in
409 1289 598 1334 infantia
613 1305 725 1334 mox
742 1287 999 1334 absorbuit.
1018 1289 1196 1336 Deinde
1211 1291 1323 1354 ipsa,
1346 1310 1469 1339 eom-

77 1367 212 1429 pletis
229 1384 333 1412 cum
351 1367 454 1412 viro
473 1383 555 1412 suo
576 1382 636 1410 xv
654 1367 802 1421 annis,
822 1373 924 1411 v111⁰
942 1366 1034 1412 kal.
1051 1366 1271 1414 februarii
1295 1370 1363 1432 (2)
1383 1370 1465 1415 de—

76 1444 230 1489 functa
263 1453 352 1498 est,
380 1453 425 1488 et
460 1442 504 1487 in
539 1442 740 1487 claustro
778 1441 1117 1487 monachorum
1132 1480 1144 1501 ,
1185 1461 1301 1508 quos
1337 1446 1468 1492 valde

75 1519 326 1576 dilexerat,
349 1518 405 1564 ad
435 1519 606 1565 ostium
629 1517 830 1564 basilieae
849 1518 1024 1581 sepulta
1046 1530 1128 1565 est.
1154 1520 1329 1568 Arcum
1355 1539 1467 1569 vero

75 1595 306 1658 lapideum
336 1612 474 1659 super
503 1595 648 1659 ipsam
683 1595 917 1641 Guarinus
942 1596 1075 1659 prior
1100 1600 1308 1645 construi
1331 1600 1463 1655 feeit,

74 1683 119 1718 et
140 1672 304 1719 Vitalis
326 1673 583 1737 Angligena
603 1671 890 1736 epitaphium
914 1673 1173 1738 hujusmodi
1201 1675 1360 1723 edidit.

256 1781 396 1816 Nobilis
410 1783 538 1816 Aviciae
557 1783 793 1828 corpusjacet
812 1783 893 1825 hic;
914 1784 989 1817 sine
1009 1783 1078 1817 line

255 1841 423 1876 Christus
440 1842 471 1875 ei
491 1848 604 1876 tutam
624 1841 797 1876 concedat
817 1843 853 1876 in
873 1843 1003 1877 zethere
1020 1844 1127 1877 vitam
1144 1847 1149 1878 !

256 1901 326 1936 Cui
340 1901 468 1947 proba,
488 1901 576 1935 dum
593 1901 701 1944 vixit,
722 1914 804 1936 cum
823 1902 927 1936 laude
943 1902 1112 1950 frequens
1133 1905 1266 1939 inhiavi
1293 1935 1300 1948 ‚

255 1956 308 1989 Ac
326 1955 465 1989 studuit
479 1956 557 2002 jugi
575 1962 703 1990 conatu
717 1956 801 2001 jure
818 1956 963 1991 lucrari.

257 2014 413 2048 Pulchra
430 2015 500 2049 fuit
514 2015 631 2059 valde,
652 2015 805 2050 facunda
822 2017 924 2061 satis,
945 2018 1169 2066 sapiensque.

254 2072 421 2107 Cultibus
439 2073 578 2109 assidue
595 2074 685 2109 divis
703 2075 886 2122 satagebat
904 2075 1038 2111 adesse.

254 2131 427 2176 Quotidie
442 2133 564 2168 missas
580 2132 704 2168 audire
720 2133 888 2169 studebat
910 2143 945 2170 et
963 2135 1084 2170 horas.

252 2191 385 2225 Vivere
402 2199 528 2238 sponte
546 2204 607 2226 sua
626 2193 676 2227 sic
691 2194 802 2240 coepit
818 2194 968 2229 honesta
988 2196 1126 2242 puella3

256 2249 420 2297 Denique
436 2250 626 2286 Gualterio
645 2264 818 2299 generoso
835 2262 947 2301 nupta
967 2255 1096 2290 marito
1109 2284 1117 2298 ,

256 2309 348 2344 Cum
369 2322 440 2356 quo
458 2311 650 2357 quindenis
666 2313 753 2347 vixit
771 2313 922 2349 feliciter
940 2316 1060 2357 annis,

255 2366 379 2401 Edidit
397 2375 555 2415 optatam
575 2370 712 2415 prolem
731 2383 882 2406 numero
896 2372 1114 2407 duodenam.

255 2427 416 2462 Moribus
435 2431 589 2476 egregiis
607 2431 807 2477 specialiter
822 2432 894 2466 haec
914 2434 999 2467 hera
1019 2433 1136 2476 sulsit;

256 2486 417 2521 Ecclesiae
437 2488 573 2523 cultum
595 2497 756 2537 satagens
775 2492 946 2527 extollere
965 2493 1139 2535 multum,

255 2546 420 2581 Contulit
438 2555 586 2583 ornatus
608 2551 789 2596 propriOS,
810 2550 930 2586 altaris
950 2552 985 2586 in
1007 2565 1102 2587 usus

120 2703 168 2748 (ι)
186 2704 237 2738 De
254 2706 490 2753 Sauquevillc.

121 2765 169 2808 (2)
191 2766 282 2799 Lisez
300 2781 305 2799 t
324 2768 450 2801 Martii
467 2769 528 2809 (¹29,
550 2769 711 2805 sevriori.
