2033 3445
79 302 196 347 [cmm
222 295 340 342 1090]
559 287 713 329 LIBER
741 291 986 329 OCTAVUS.
1399 294 1480 334 323

78 394 171 428 tam
195 380 505 427 rebellionem
529 379 576 423 in
606 394 816 423 annuum
849 377 1014 422 saltem
1046 379 1248 440 spatium
1281 379 1478 428 distulit,

78 458 232 504 Hicin
257 456 418 502 multis
450 453 832 517 reprehensibilis
863 463 910 498 et
936 453 1119 498 infamis
1150 466 1272 510 erat,
1301 459 1486 504 multis-

77 551 167 600 que
197 533 423 580 vitiorum
454 530 663 595 pestibus
700 529 1065 577 obsecundabat.
1100 532 1203 594 Ipse
1228 534 1483 593 nimirum,

79 612 184 676 quia
204 609 341 673 pedes
360 607 562 654 habebat
579 607 835 666 deformeS,
864 608 1068 653 instituit
1091 608 1177 654 sibi
1199 608 1297 655 fieri
1324 611 1489 676 longos

80 700 126 736 et
144 689 189 734 in
208 686 474 733 summitate
493 685 782 732 acutissimos
802 684 1090 744 subtolares;
1121 687 1183 732 ita
1208 698 1259 733 ut
1281 690 1491 751 operiret

81 764 239 829 pedeS,
266 774 312 809 et
342 779 508 809 eorum
533 762 707 809 celaret
730 760 923 819 tubera,
952 780 1058 826 quae
1082 763 1226 827 vulgo
1257 776 1490 812 vocantur

81 842 276 889 uniones
307 842 392 904 (1).
430 840 649 886 Insolitus
686 838 794 886 inde
828 856 928 886 mos
964 840 1013 885 in
1049 840 1297 887 occiduum
1326 843 1494 890 orbem

83 919 333 984 processit,
364 917 636 982 levibusque
668 927 713 963 et
738 918 1008 963 novitatum
1038 919 1328 966 amatoribus
1351 921 1495 968 vehe-

83 1007 267 1043 menter
289 996 483 1059 placuit.
511 993 648 1040 Unde
672 1005 882 1051 sutores,
912 995 958 1040 in
985 994 1337 1055 calceamentis;
1365 1001 1494 1062 quasi

84 1073 248 1122 caudas
270 1074 593 1137 scorpionum,
617 1091 730 1137 quas
748 1073 892 1137 vulgo
912 1074 1114 1137 pigacias
1138 1077 1380 1139 appellant
1394 1115 1405 1135 ,
1427 1078 1498 1124 sa-

86 1152 215 1198 ciunt
236 1152 324 1214 (2),
348 1150 486 1214 idque
505 1167 651 1214 genus
666 1151 969 1196 calceamenti
987 1168 1106 1213 pene
1127 1154 1304 1210 cuncti,
1332 1153 1499 1202 divites

84 1239 130 1275 et
153 1229 305 1293 egeni,
334 1228 533 1274 nimium
561 1238 804 1290 expetunt.
830 1227 951 1273 Nam
975 1240 1108 1275 antea
1129 1232 1260 1276 omni
1287 1242 1500 1295 tempore

86 1303 276 1351 rotundi
298 1303 559 1350 subtolares
586 1303 642 1348 ad
669 1304 873 1349 sormam
906 1303 1079 1367 pedum
1104 1306 1381 1369 agebantur,
1408 1310 1500 1355 eis-

84 1399 175 1447 que
194 1383 365 1428 summi
386 1392 432 1427 et
450 1380 711 1427 mediocres
726 1417 738 1437 ,
762 1382 920 1427 clerici
948 1393 993 1427 et
1018 1383 1150 1441 laici,
1176 1397 1501 1448 competenter

86 1458 361 1505 utebantur.
421 1458 484 1503 At
536 1457 679 1504 modo
728 1459 972 1505 saeculares
1010 1462 1242 1522 perversis
1289 1464 1502 1510 moribus

87 1547 360 1600 competens
383 1552 534 1582 scema
571 1535 771 1598 superbe
809 1537 1007 1599 cupiunt
1033 1538 1079 1599 <5
1098 1557 1124 1594 ’,;
1152 1550 1198 1584 et
1230 1541 1356 1603 quod
1386 1542 1502 1588 olim

89 1614 388 1661 honorabiles
407 1614 495 1658 viri
516 1614 839 1676 turpissimum
856 1613 1210 1677 judicaverunt,
1239 1628 1283 1663 et
1304 1620 1503 1665 omnino

87 1693 214 1757 quasi
263 1703 439 1738 stercus
476 1692 825 1746 refutaverunt,
866 1690 954 1737 hoc
989 1692 1205 1739 moderni
1243 1697 1370 1758 quasi
1409 1698 1501 1743 mel

88 1770 221 1817 dulce
249 1770 509 1826 aestimant,
534 1780 580 1814 et
602 1769 744 1813 veluti
776 1770 972 1831 speciale
1004 1771 1143 1816 decus
1171 1773 1504 1835 amplectentes

90 1859 287 1914 gestant.

152 1924 424 1973 Rodbertus
446 1923 636 1988 quidam
663 1923 838 1969 nebulo
866 1924 912 1968 in
944 1926 1073 1970 curia
1099 1926 1205 1971 Rufi
1237 1929 1360 1991 regis
1384 1946 1502 1991 pro-

94 2005 204 2051 lixas
228 2004 429 2068 pigacias
465 2003 645 2066 primus
671 2003 818 2065 coepit
845 2003 1042 2065 implere
1074 2005 1279 2067 stuppis,
1311 2018 1357 2052 et
1392 2006 1503 2053 hinc

95 2081 200 2129 inde
238 2092 555 2143 contorquere
587 2080 734 2125 instar
766 2097 916 2125 cornu
954 2081 1128 2127 arietis.
1173 2081 1244 2127 Ob
1283 2082 1372 2130 hoc
1412 2085 1505 2147 ipse

93 2157 360 2205 cornardus
382 2158 741 2221 cognominatus
765 2168 848 2203 est.
877 2157 1017 2221 Cujus
1038 2158 1255 2205 frivolam
1275 2161 1507 2208 adinven—

97 2237 272 2284 tionem
305 2253 472 2300 magna
513 2253 619 2298 pars
652 2233 911 2293 nobilium,
940 2253 1025 2282 ceu
1059 2237 1299 2301 quoddam
1325 2240 1506 2305 insigne

96 2314 344 2377 probitatis
374 2325 419 2360 et
445 2314 633 2359 virtutis
660 2330 798 2376 opus,
823 2331 934 2359 mox
957 2326 1109 2361 secuta
1136 2328 1219 2362 est.
1243 2319 1377 2365 Tunc
1401 2319 1509 2366 effe-

98 2391 259 2437 minati
293 2391 463 2454 passim
505 2391 549 2436 in
590 2388 707 2436 orbe
741 2389 1128 2448 dominabantur,
1165 2394 1509 2459 indisciplinate

99 2500 1499 2516 Ἥ

145 2561 195 2605 (1)
212 2561 280 2595 Ces
295 2559 559 2594 excroissanccs
577 2558 789 2604 &appellent
807 2571 938 2593 encore
958 2572 1003 2594 eu
1023 2561 1175 2608 sranqais
1195 2564 1257 2597 (les
1277 2577 1430 2611 ognons.

147 2619 197 2665 (2)
218 2619 317 2653 Tout
334 2618 367 2652 le
385 2617 517 2651 monde
532 2617 598 2651 sait
612 2629 682 2664 quc
700 2624 794 2651 cette
811 2618 918 2652 mode
935 2618 1101 2655 dill'ormc
1118 2628 1153 2656 ct
1174 2623 1327 2668 genantur
1346 2625 1408 2658 (los
1427 2638 1510 2659 sou-

102 2677 185 2711 liers
204 2680 222 2712 a
239 2678 271 2712 la
290 2677 464 2711 Poulaine
485 2689 503 2710 a
523 2676 615 2710 dui-c
635 2677 723 2710 trois
742 2677 884 2720 sibeles,
912 2685 948 2712 ct
968 2679 1077 2725 qu'on
1096 2681 1154 2726 n'y
1169 2693 1325 2729 renonqa
1346 2684 1512 2730 qu’aprs-21

103 2735 234 2782 qu'elle
250 2743 312 2770 eut
330 2737 387 2770 ete
405 2737 629 2770 se'vbremont
646 2735 823 2781 prohibee
842 2749 908 2782 par
926 2737 977 2771 les
995 2739 1066 2772 rois
1087 2746 1123 2773 ot
1142 2753 1207 2785 pai·
1226 2741 1275 2775 les
1294 2756 1411 2788 papus,

150 2793 201 2838 (3)
221 2796 428 2838 Arripiunt.
456 2795 519 2827 us.
539 2794 583 2827 ‹lc
602 2794 632 2827 la
653 2795 752 2827 reim·
770 2794 815 2827 «lv
833 2794 961 2829 Suedv.
