2085 3455
519 276 564 308 10
877 269 1114 307 HISTORIA
1144 268 1540 307 ECCLESIASTICA.

512 356 597 401 bus
609 391 622 414 ,
651 356 881 421 variisque
903 356 1297 402 ferramentorum
1312 354 1560 419 generibus
1582 364 1902 418 argumentose

514 430 701 489 incidit,
721 433 985 497 jactatoque
1002 433 1058 478 de
1084 432 1312 495 lapidibus
1332 431 1634 478 fundamento
1659 448 1786 477 secus
1808 430 1902 476 ssu—

514 523 623 553 men
658 508 821 555 Araris
849 510 945 570 (ι),
985 508 1109 553 viam
1141 508 1276 553 altius
1314 507 1498 553 sustulit
1526 518 1572 552 et
1601 506 1751 553 monti
1786 522 1902 552 con¹>

509 586 683 648 junxit.

579 661 863 718 Ludovicus,
889 661 1042 707 Caroli
1067 660 1210 718 filius,
1234 677 1316 706 rex
1337 660 1601 724 Aquitaniae
1617 697 1627 715 ,
1651 677 1755 706 cum
1774 660 1902 705 omni

515 738 742 796 bonitate,
758 738 814 785 de
831 738 948 785 fiscis
963 738 1031 785 sui
1043 738 1176 802 juriS‚
1192 738 1445 784 Guillelmo
1458 749 1662 801 petente,
1681 747 1909 783 monaste-

517 815 589 861 rio
613 814 763 872 dedit,
793 826 838 861 et
861 832 967 861 cum
990 825 1226 877 praecepto
1251 815 1381 878 regio
1405 816 1625 878 anulique
1649 815 1715 860 sui
1741 824 1905 858 aucto-

518 892 654 937 ritate
678 891 881 936 firmavit
900 892 988 954 (2)
1006 891 1283 937 Guillelmus
1308 892 1429 937 circa
1452 890 1787 937 monasterium
1802 890 1910 935 fecit

518 967 671 1013 vineta
695 978 742 1013 et
762 967 931 1013 oliveta
958 967 1187 1030 plantari,
1217 966 1470 1030 hortosque
1493 966 1720 1029 plurimos
1745 964 1911 1011 consti-

518 1046 602 1100 tui,
623 1045 859 1108 ipsamque
873 1045 1059 1101 vallem,
1074 1044 1319 1090 destructis
1333 1043 1579 1090 arboribus
1596 1042 1906 1097 infructuosis,

517 1123 764 1168 fructiferis
798 1124 1018 1185 pomeriis
1055 1123 1220 1168 melius
1256 1122 1581 1184 complantari.
1621 1122 1702 1166 His
1734 1122 1828 1183 ipse
1866 1131 1911 1166 et

517 1199 617 1246 aliis
641 1199 954 1263 hujuscemodi
972 1199 1132 1245 studiis
1153 1199 1358 1244 intentus
1381 1199 1647 1254 laborabat,
1670 1198 1912 1260 proprias—

516 1292 606 1339 que
629 1293 791 1321 manus
815 1276 1058 1321 rusticanis
1080 1274 1258 1320 actibus
1277 1291 1365 1337 pro
1384 1291 1543 1320 amore
1565 1275 1647 1319 Dei
1669 1274 1911 1335 mancipa-

518 1351 622 1408 bat,
650 1363 696 1398 et
724 1353 787 1398 sic
822 1352 870 1397 in
908 1368 1017 1398 vera
1041 1350 1303 1397 humilitate
1334 1361 1380 1396 et
1411 1351 1638 1413 religione
1665 1366 1710 1394 se
1737 1349 1912 1412 jugiter

518 1429 781 1475 exercebat.
811 1430 981 1476 Coram
1012 1428 1180 1474 abbate
1207 1439 1252 1474 et
1275 1427 1498 1474 fratribus
1519 1426 1687 1473 crebro
1712 1427 1913 1489 provol-

518 1506 731 1563 vebatur,
753 1517 914 1569 petens
936 1517 984 1552 ut
1010 1523 1096 1568 pro
1113 1505 1431 1552 misericordia
1451 1505 1534 1550 Dei
1557 1504 1754 1566 amplius
1778 1503 1911 1567 abjici

519 1595 564 1629 et
604 1583 839 1630 humiliari
872 1582 956 1628 sibi
996 1582 1295 1629 concedatur.
1334 1582 1513 1628 Viliora
1552 1582 1597 1626 in
1632 1581 1914 1627 monasterio

519 1660 763 1723 expetebat
780 1661 942 1706 officia.
967 1660 1108 1723 Optat
1131 1660 1375 1705 vilissimus
1399 1658 1497 1704 fieri
1514 1694 1529 1718 3,
1553 1669 1598 1704 et
1627 1659 1914 1721 contemptui

522 1737 701 1783 haberi.
745 1737 859 1784 Vult
893 1754 987 1783 esse
1016 1747 1068 1782 ut
1095 1738 1385 1800 jumentum,
1414 1754 1493 1793 ac,
1520 1747 1572 1782 ut
1594 1736 1748 1799 pullus
1771 1736 1911 1791 asini,

521 1826 710 1878 portare
743 1831 887 1861 onera
918 1815 1118 1860 fratrum
1159 1815 1205 1860 in
1243 1814 1384 1860 domo
1425 1815 1633 1860 Domini.
1669 1812 1915 1873 Quondam

521 1893 615 1938 dux
629 1893 994 1955 potentissimus,
1012 1909 1109 1938 non
1126 1883 1357 1937 erubescit
1370 1891 1451 1936 vili
1468 1891 1609 1937 asello
1625 1892 1790 1954 gestari
1811 1907 1918 1936 cum

522 1971 613 2015 suis
626 1968 921 2016 flasconibus.
939 1969 1059 2015 Ecce
1077 1968 1275 2015 domnus
1294 1969 1570 2015 Guillelmus
1590 1968 1643 2014 fit
1655 1954 1711 2014 de
1730 1968 1920 2015 consule

524 2064 714 2111 coquus,
736 2046 792 2092 de
812 2047 928 2093 duce
949 2063 1122 2110 magno
1141 2047 1338 2092 efficitur
1358 2045 1631 2110 inquilinus,
1655 2045 1780 2109 ligna
1799 2044 1922 2090 collo

523 2123 749 2180 deserens,
771 2122 1047 2186 amphoram
1061 2139 1193 2186 aquae
1209 2122 1436 2186 bajulans,
1456 2122 1614 2186 ignem
1629 2122 1865 2168 excutiens
1878 2131 1922 2166 et

523 2199 820 2246 succendens.
859 2198 1075 2245 Manibus
1106 2199 1311 2261 propriis
1342 2197 1605 2262 parapsides
1643 2199 1712 2259 (5)
1746 2197 1919 2252 abluit,

571 2347 620 2390 (i)
637 2345 841 2379 L’He'rault.

568 2407 619 2445 (2)
651 2405 696 2436 La
714 2404 838 2437 charte
856 2403 919 2449 qui
940 2403 1119 2436 renferme
1141 2414 1197 2436 ces
1223 2402 1414 2436 donations
1441 2407 1544 2448 porte
1564 2400 1596 2434 la
1618 2400 1700 2434 date
1717 2399 1768 2433 du
1793 2399 1835 2434 28
1858 2399 1922 2434 de—

527 2463 671 2497 cembre
698 2463 787 2504 8083
816 2463 865 2496 les
892 2462 995 2496 biens
1023 2462 1196 2496 concedes
1227 2469 1307 2496 sont
1339 2462 1449 2496 situes
1466 2461 1554 2495 dans
1571 2460 1621 2494 les
1651 2460 1852 2494 territoires
1881 2459 1926 2493 de

528 2523 687 2557 lieziers:
708 2535 829 2568 pagus
844 2522 1080 2564 Biterrensis,
1096 2528 1132 2556 et
1158 2521 1202 2555 de
1224 2521 1384 2564 Lodevffi
1403 2533 1523 2567 pagus
1548 2519 1787 2554 Ludovensis.
1809 2518 1870 2554 On
1893 2518 1925 2552 la

529 2588 694 2615 trouvera
713 2583 732 2615 ἐι
751 2580 782 2614 la
801 2580 893 2614 suite
907 2579 951 2614 de
971 2580 1003 2614 la
1023 2580 1239 2626 precedente
1259 2580 1347 2614 dans
1364 2580 1414 2615 les
1435 2580 1533 2614 Acta
1553 2578 1621 2613 SS.
1645 2577 1733 2611 ord.
1752 2577 1788 2611 S.
1807 2576 1926 2611 Bene-

531 2640 629 2674 dicti.

571 2699 621 2744 (3)
651 2699 711 2734 On
737 2699 828 2733 ecrit
856 2700 936 2745 plus
963 2698 1247 2745 regulierement
1274 2701 1461 2744 paropsis:
1491 2698 1579 2731 mais
1613 2710 1703 2732 nous
1731 2709 1836 2731 avons
1862 2708 1924 2731 cru

533 2759 657 2793 ‹lm-oii-
678 2766 856 2805 respecter
874 2759 906 2793 la
926 2759 1028 2805 locon
1048 2758 1097 2792 du
1117 2759 1313 2793 manuscrit
1330 2758 1374 2792 de
1394 2749 1676 2793 saint-Evroult.
