2033 3445
44 350 179 398 [1087]
520 351 670 390 LIBER
699 351 966 390 SEPTIMUS.
1374 359 1451 396 213

224 435 391 479 Efficere,
413 443 450 471 et
468 444 609 472 tantum
628 439 678 472 sic
697 438 830 472 violare
847 439 995 474 locum?

181 496 225 530 Et
242 495 335 530 male
350 497 518 530 tractavit
533 497 637 542 cujus
653 499 843 533 temeraria
861 498 1011 533 dextra?

226 555 327 589 Fecit
344 562 379 590 et
398 556 467 590 hoc
484 556 623 591 furtum
643 558 725 604 quis
745 558 855 594 modo
872 559 1093 606 sacrilegus?

179 615 249 650 Sed
267 615 461 669 fortunati,
483 617 544 663 qui
563 617 720 663 praedam
737 617 839 652 sertis
857 619 1035 665 opimam!

224 675 297 709 Nos
317 675 478 710 infelices
496 683 649 723 occupat
668 689 776 712 omne
795 677 949 712 malum!

11 767 206 829 ·Myreis
242 767 396 832 itaque
428 768 631 814 nimium
671 769 966 834 lugentibus,
1004 770 1276 837 luctumque
1318 789 1454 818 suum

41 842 195 889 ulcisci
222 860 319 890 non
346 845 634 903 valentibus,
668 847 763 892 laeti
788 848 1011 894 Barenses
1036 849 1255 896 celeriter
1280 848 1456 896 ruden*

42 931 105 965 tes
128 920 400 979 exsolvunt,
435 932 480 968 et
510 923 796 986 remigantes
821 935 961 971 nocte
989 925 1064 971 illa
1093 926 1320 984 insulam,
1347 944 1453 991 qua?

38 997 267 1044 Cacabum
287 998 462 1046 dicitur
486 1001 527 1062 (ι
546 1008 579 1058 js,
603 1001 794 1058 adeunt,
821 1014 867 1048 et
894 1002 998 1050 inde
1021 1004 1264 1051 Maiestras
1289 1004 1345 1052 ad
1376 1006 1454 1051 in—

36 1076 153 1122 sulas
182 1078 252 1140 (2)
291 1079 488 1140 profecti
526 1090 653 1125 sunt.
692 1081 813 1127 Hinc
845 1098 958 1128 vero
991 1082 1280 1129 discedentes
1308 1084 1452 1129 nimia

34 1171 139 1200 cum
161 1155 459 1202 festinatione
483 1174 727 1204 remorum
743 1194 755 1213 ‚
781 1158 839 1206 ad
860 1160 986 1216 loca,
1015 1160 1094 1206 ubi
1116 1161 1264 1207 Macri
1286 1160 1454 1208 dicun-

34 1241 110 1276 tur
141 1232 235 1295 (3),
264 1233 622 1296 applicuerunt,
653 1234 812 1300 ibique
846 1236 1004 1283 triduo
1030 1249 1230 1300 propter
1253 1238 1454 1285 Boream

33 1307 117 1353 sibi
145 1311 439 1355 contrarium
463 1323 844 1374 permanserunt.
877 1313 1015 1360 Unde
1043 1316 1245 1361 nimium
1274 1316 1452 1362 turbati

34 1396 166 1440 sunt,
191 1396 238 1431 et
254 1385 471 1434 dubitare
492 1399 717 1436 utrumne
735 1408 906 1454 corpus
926 1394 1072 1438 sancti
1094 1393 1275 1439 Nicolai
1297 1411 1453 1440 secum

37 1461 288 1521 haberent,
315 1482 372 1510 an
401 1466 496 1529 ipse
523 1465 580 1511 ab
604 1468 666 1513 eis
696 1468 819 1513 ultra
845 1470 957 1515 ferri
986 1471 1149 1528 vellet,
1179 1484 1448 1534 coeperunt.

37 1539 172 1585 Tunc
195 1540 438 1586 Eustacius
463 1543 552 1604 (4),
574 1560 693 1588 unus
713 1560 769 1589 ex
795 1544 902 1601 illis,
933 1563 1018 1608 per
1039 1546 1269 1593 visionem
1285 1547 1343 1594 de
1360 1547 1452 1594 du—

36 1614 208 1662 bietate
231 1628 476 1680 correptus
499 1629 593 1674 est,
626 1630 672 1665 et
698 1621 861 1678 nimis,
888 1621 1001 1668 dum
1027 1623 1074 1669 in
1098 1624 1200 1670 visu
1229 1624 1452 1671 hirundi-

38 1711 150 1738 num
171 1693 405 1740 morsibus
429 1694 589 1760 lingua
615 1698 711 1762 ejus
736 1710 1085 1756 cruentaretur,
1115 1703 1307 1749 territus
1331 1715 1415 1750 est.

97 1770 276 1817 Deinde
297 1774 536 1819 communi
564 1773 754 1821 decreto
777 1777 982 1823 minutas
1007 1779 1318 1843 reliquiarum
1344 1799 1454 1845 poi·-

36 1846 287 1904 tiunculas,
324 1866 437 1913 quas
465 1850 630 1896 furtim
661 1851 747 1897 sibi
781 1852 973 1916 quidam
999 1846 1165 1901 eorum
1198 1856 1450 1906 subtraxe-

35 1936 162 1982 rant,
190 1927 520 1990 protulerunt‚
549 1939 594 1974 et
616 1931 1076 1995 cumju1·ejurando,
1103 1934 1230 1997 quod
1255 1934 1372 1982 nihil
1393 1937 1449 1983 de

75 2087 228 2132 (1)L⁷ile
248 2088 408 2131 Kakava,
430 2089 462 2123 la
494 2089 697 2125 Dolichiste
725 2081 788 2125 des
816 2092 980 2135 anciens,
1005 2094 1184 2140 tres-pres
1202 2102 1239 2130 et
1258 2109 1301 2130 an
1327 2097 1442 2133 S.-O.

35 2146 78 2180 de
97 2147 210 2193 Myre.

75 2209 125 2252 (2)
151 2207 436 2242 Probablement
453 2207 524 2243 l’ile
542 2208 587 2242 (lc
614 2209 771 2256 Megiste
788 2212 807 2244 ὲ
825 2210 955 2245 l'ouest
972 2210 1016 2246 de
1033 2212 1174 2247 Kakava
1187 2241 1195 2255 ‚
1215 2221 1251 2248 et
1270 2214 1320 2249 les
1341 2228 1446 2250 norn—

30 2265 138 2301 breux
155 2266 239 2301 ilots
255 2268 318 2314 qui
336 2267 572 2302 l'entoui·ent.
595 2268 701 2303 Cette
719 2269 778 2312 ile,
798 2271 862 2317 qui
878 2270 960 2305 s'est
977 2271 1126 2318 appelee
1139 2275 1234 2308 aussi
1253 2274 1442 2319 Cisthene‚

29 2332 129 2372 porte
145 2326 382 2372 aujourd'hui
409 2326 442 2361 le
459 2340 544 2362 nom
571 2328 618 2362 de
643 2329 867 2364 Castelorizo
885 2342 932 2364 ou
952 2331 1189 2367 Castelrosso.
1209 2335 1274 2369 Les
1298 2337 1444 2383 naviga·

25 2392 122 2420 teurs
146 2385 192 2421 de
215 2386 297 2420 Bari
318 2386 470 2421 allerent
491 2399 513 2433 y
539 2388 720 2423 chen-cher
740 2401 788 2422 un
808 2389 1020 2437 mouillage,
1043 2390 1113 2426 l'ile
1132 2392 1177 2427 dc
1200 2394 1341 2429 Rakava
1362 2397 1444 2431 n'cn

28 2445 247 2481 sournissant
264 2447 383 2493 point.
406 2448 458 2482 De
477 2447 510 2482 la
526 2448 568 2482 iis
590 2450 793 2495 gagncrent
811 2450 952 2493 Patare,
976 2452 1092 2497 patrie
1111 2451 1156 2487 de
1174 2453 1268 2489 saint
1283 2455 1440 2500 Nicolas,

31 2517 125 2540 come
145 2519 182 2540 se
203 2519 329 2540 avesse
351 2508 478 2540 voluto
508 2508 597 2553 egli,
621 2507 676 2543 (lit
697 2508 729 2543 le
753 2509 838 2555 pere
857 2509 1027 2552 Reatino,
1055 2513 1176 2557 prima
1201 2513 1242 2547 di
1258 2518 1383 2549 venire
1406 2519 1444 2551 in

32 2564 156 2608 Italia,
184 2567 316 2600 visitat·
347 2567 383 2600 la
407 2579 475 2601 sua
492 2570 637 2612 patria,
669 2581 687 2601 e
705 2567 913 2614 prendente
931 2597 938 2611 ,
961 2582 1060 2604 come
1089 2572 1124 2604 .ςί
1150 2571 1247 2616 dice,
1271 2582 1381 2619 grata
1400 2577 1443 2611 li-

29 2636 148 2659 cenza.
165 2625 295 2660 Patare
313 2633 366 2660 est
388 2627 468 2673 pres
481 2626 525 2662 de
542 2626 820 2662 l’embouchure
838 2628 889 2662 du
908 2629 1081 2664 Xanthus
1094 2658 1103 2673 ‚
1127 2633 1146 2666 21
1163 2631 1378 2671 l’O.-N.-0.
1397 2636 1443 2671 (le

30 2683 261 2719 Castelorizo.

76 2740 128 2788 (5)
153 2744 200 2778 Le
228 2743 322 2791 golfe
340 2744 385 2780 de
404 2745 530 2792 Makry
549 2747 741 2788 (Glaucus
761 2747 873 2782 Sinus
891 2747 954 2782 des
976 2751 1158 2797 ariciens),
1187 2763 1232 2786 au
1249 2752 1440 2790 N.-N.-‹).

30 2807 65 2834 et
84 2803 257 2848 tres-pres
270 2803 315 2837 de
331 2805 473 2839 Patare.
490 2805 620 2851 Makry
635 2813 689 2840 est
706 2805 738 2840 lc
763 2807 967 2842 Telmissus
984 2807 1047 2843 des
1065 2811 1223 2846 anciens.

76 2863 124 2904 (i)
143 2863 252 2897 Stasm
268 2865 279 2891 Ι
293 2864 491 2909 Eustachc)
506 2865 695 2909 stanni-ia,
717 2866 826 2902 ‹l'une
845 2866 980 2903 familie
998 2868 1082 2904 bien
1101 2882 1243 2906 connue
1260 2872 1305 2907 dc
1324 2873 1416 2908 Bari.
