2085 3455
579 340 657 375 516
950 334 1195 372 HISTORIA
1227 332 1631 371 ECCLESIASTICA.
1856 336 1994 385 [1097]

576 424 729 468 culter
760 422 993 475 obtinuit,
1018 419 1074 466 ad
1108 419 1332 466 tuendam
1361 429 1408 466 et
1430 418 1794 484 expugnandam
1820 430 1995 466 terram

576 499 623 545 in
658 497 883 545 fidelitate
915 498 1074 544 Sancti
1114 497 1327 560 Sepulcri
1362 507 1408 542 et
1447 495 1829 543 Christianitatis.
1873 497 1997 543 Boa-

574 575 796 631 mundus,
822 576 1100 621 militarium
1125 575 1429 639 negotiorum
1448 574 1521 619 vir
1537 574 1818 630 industrius,
1842 575 1998 622 accitis

573 652 805 700 militibus
825 652 881 699 de
901 653 995 698 suis
1017 669 1135 716 quos
1155 652 1308 698 voluit
1322 688 1335 710 ,
1357 653 1538 698 Turcos
1553 689 1564 708 ‚
1588 652 1668 716 qui
1688 651 1997 698 Plastenciam

572 730 888 787 obsederant,
916 742 962 777 et
985 731 1248 776 exercitum
1269 729 1393 776 haud
1418 731 1560 794 longe
1584 729 1821 793 praeibant
1844 741 1896 776 ut
1921 748 2000 778 no-

571 819 758 865 cerent,
802 807 987 854 curiose
1025 808 1260 853 insecutus
1290 818 1385 863 est,
1424 807 1502 853 sed
1535 808 1734 863 frustra,
1774 808 1997 872 quoniam

575 903 657 934 eos
680 885 896 932 invenire
920 901 1016 931 non
1045 885 1219 947 potuit.

634 963 847 1011 Ventum
867 973 937 1009 est
958 961 1016 1008 ad
1034 961 1201 1008 Coxon
1219 963 1309 1025 (1),
1330 961 1543 1008 nobilem
1560 973 1607 1008 et
1627 963 1868 1026 copiosam
1888 963 2000 1009 civi-

571 1052 742 1099 tatem,
770 1058 913 1104 quam
937 1040 1116 1086 alumni
1144 1039 1269 1086 illius
1294 1038 1596 1096 Christianis,
1623 1040 1849 1086 fratribus
1879 1041 1995 1097 suis,

572 1119 780 1166 libenter
810 1117 1137 1165 reddiderunt.
1166 1117 1236 1163 Ibi
1263 1117 1416 1164 tribus
1439 1116 1602 1164 diebus
1628 1119 1846 1183 fatigatus
1878 1137 2000 1183 pau-

570 1199 689 1244 savit
720 1197 973 1244 exercitus.
1016 1196 1235 1242 Relatum
1274 1206 1342 1241 est
1378 1196 1541 1242 comiti
1568 1197 1836 1254 Tolosano,
1873 1197 2001 1261 quod

570 1276 741 1331 Turci,
769 1276 849 1339 qui
875 1275 1064 1320 fuerant
1089 1273 1135 1319 in
1163 1272 1433 1320 Antiochiae
1453 1273 1690 1331 custodia,
1712 1273 2002 1322 discedentes

571 1352 876 1416 aufugissent.
907 1351 1077 1415 Igitur,
1114 1367 1221 1396 cum
1251 1349 1343 1396 suis
1376 1350 1668 1407 consiliatus,
1709 1352 1850 1415 elegit
1884 1369 2003 1416 quos

574 1430 916 1494 praemitteret,
961 1429 1041 1493 qui
1094 1429 1185 1474 iter
1235 1428 1491 1493 diligenter
1544 1430 1907 1494 investigarent,
1957 1441 2004 1476 et

574 1519 744 1556 caetera
781 1508 965 1555 curiose
990 1507 1317 1570 explorarent.
1349 1505 1423 1552 Ad
1448 1505 1538 1553 hoc
1562 1505 1730 1554 directi
1766 1518 1876 1553 sunt
1911 1508 2001 1554 viri

576 1586 876 1641 consulares,
905 1595 953 1630 et
987 1583 1250 1647 disciplinae
1282 1583 1503 1629 militaris
1537 1585 1692 1648 gnari.
1730 1584 2004 1632 Vicecomes

575 1662 632 1709 de
659 1662 969 1718 Castellione‚
998 1661 1279 1707 Guillelmus
1312 1660 1369 1707 de
1396 1660 1815 1720 Monte-Peslerio,
1839 1665 2004 1709 Petrus

576 1740 634 1787 de
670 1740 819 1787 Roasa
858 1749 904 1785 et
941 1739 1108 1786 Petrus
1150 1738 1442 1784 Raimundus
1479 1739 1578 1802 (2),
1622 1756 1732 1786 cum
1773 1738 2005 1786 militibus

579 1962 719 1995 armees
736 1959 942 2006 Grecques,
967 1965 1004 1992 et
1018 1957 1142 1992 devint
1157 1960 1175 1992 a
1190 1957 1496 2004 Constantinople
1514 1957 1545 1991 la
1559 1957 1693 1992 souche
1710 1957 1756 1992 de
1771 1957 1804 1992 la
1821 1957 2007 2004 puissante

580 2019 717 2055 famille
737 2018 801 2053 des
820 2017 1064 2064 Petraliphes.
1632 2023 1635 2025 ·

626 2080 678 2125 (ι)
698 2079 813 2114 Cosor
837 2090 883 2113 ou
910 2077 1072 2119 Cocson,
1096 2076 1249 2111 l’ancien
1280 2077 1462 2120 Cucuszcs,
1489 2076 1630 2112 celebre
1649 2089 1714 2123 par
1733 2076 1828 2112 l'exil
1848 2077 1893 2111 de
1915 2077 2007 2111 saint

580 2142 670 2175 Jean
689 2137 971 2185 Chrysostome,
995 2149 1041 2171 en
1061 2138 1140 2179 404,

630 2201 681 2244 (2)
699 2199 845 2241 Pici-re,
865 2197 1021 2232 vicomte
1038 2196 1084 2231 de
1103 2195 1291 2232 Castillon.

628 2257 842 2294 Guillaume
866 2254 915 2299 V,
942 2255 997 2290 fils
1021 2255 1330 2302 d'Ermengarde,
1359 2256 1530 2301 seigneur
1558 2254 1603 2289 de
1627 2253 1862 2302 Montpelliei·
1882 2253 2008 2298 (1085-

589 2319 705 2361 1121).
726 2316 777 2350 Ce
796 2315 968 2361 seigneur
990 2326 1026 2349 se
1047 2313 1234 2360 distingua
1256 2327 1300 2349 au
1324 2314 1421 2360 siege
1440 2313 1486 2348 de
1502 2313 1651 2348 Marrah
1664 2340 1674 2359 ‚
1693 2320 1729 2347 et
1749 2326 1772 2359 y
1794 2313 2010 2347 commanda

585 2376 619 2410 la
636 2382 722 2410 tour
740 2373 875 2409 mobile
887 2374 933 2408 de
953 2374 1051 2417 bois,
1073 2386 1119 2408 au
1138 2386 1270 2420 moyen
1289 2374 1335 2409 de
1351 2373 1506 2421 laquelle
1522 2386 1569 2408 on
1587 2375 1737 2420 penetra
1755 2373 1843 2408 dans
1860 2373 1892 2407 la
1912 2374 2008 2409 ville.

587 2436 660 2471 Son
680 2435 753 2476 fils,
772 2433 864 2468 dont
891 2446 939 2468 on
963 2440 1091 2468 trouve
1108 2434 1142 2468 le
1158 2440 1355 2470 testament
1372 2434 1463 2469 dans
1478 2433 1512 2468 le
1538 2434 1719 2480 Spicile'ge
1739 2433 1784 2468 de
1812 2432 2007 2480 d’Achery‚

587 2495 656 2530 alla
674 2495 768 2529 aussi
787 2494 807 2526 a
823 2493 856 2527 la
874 2493 1152 2529 Terre-Sainte.

634 2551 918 2588 Probablement
935 2553 1061 2588 Pierre
1080 2552 1125 2587 de
1139 2552 1251 2588 Roaix
1268 2553 1495 2600 (Vaucluse)
1511 2552 1668 2597 (Petrus
1683 2552 1728 2588 de
1741 2553 1871 2596 Boias,
1886 2553 2011 2589 Pierre

590 2610 830 2655 Tudebode).

637 2672 762 2706 Pierre
780 2669 966 2704 Raimond
982 2670 1223 2718 d’Hautpoul.

634 2733 761 2768 Pieri-e
777 2730 981 2765 Tudebode
999 2731 1121 2776 ajoute
1140 2744 1190 2765 un
1208 2739 1312 2766 autre
1330 2743 1556 2778 personnage
1575 2731 1664 2779 qu'il
1681 2731 1821 2778 appelle
1840 2731 2010 2765 Aralium

593 2791 852 2831 vicecomitem,
873 2795 909 2822 et
928 2789 991 2836 qui
1009 2801 1145 2835 envoya
1161 2802 1207 2824 au
1227 2797 1345 2825 comte
1367 2790 1413 2825 de
1431 2790 1618 2825 Toulouse
1635 2790 1784 2835 plenam
1803 2789 1948 2824 hastam
1967 2788 2011 2823 de

587 2851 699 2885 labiis
717 2856 750 2884 e!
772 2848 924 2884 nasibus
949 2850 1165 2885 Tarcorum.
