2033 3445
48 275 146 322 [ocr.
176 272 293 319 1097]
578 272 730 310 LIBER
760 272 939 310 NONUS.
1383 278 1462 316 519

47 357 158 404 dum
186 355 243 402 ad
274 356 476 403 Pontem
502 358 728 405 Ferreum
761 362 828 421 (1)
853 359 1256 424 propinquarent,
1284 364 1464 410 Turcos

49 435 333 480 invenerunt
373 434 673 491 innumeros,
710 436 948 482 munitum
992 435 1297 485 Antiochiam
1335 442 1466 486 sesti-

49 521 228 558 nantes.
253 511 415 575 Itaque
438 514 690 576 repentino
711 514 758 559 in
785 530 863 560 eos
894 513 1074 576 impetu
1103 515 1225 562 sacto
1253 518 1465 581 (semper

49 589 176 636 enim
200 587 452 635 Christiani
478 590 903 654 proficiscebantur
923 592 1143 652 armati),
1169 592 1326 641 subito
1348 613 1466 642 con-

50 665 180 712 flictu
204 683 282 713 eos
306 678 730 714 consternaverunt
754 670 841 731 (2).
869 669 1031 714 Multis
1054 668 1243 728 deletis,
1268 670 1324 717 ad
1349 689 1468 735 pro—

50 745 151 808 pria
171 755 344 801 castra,
371 762 478 810 quae
502 762 643 809 super
675 745 885 792 fluminis
910 747 1035 810 ripas
1066 749 1227 794 metati
1252 750 1465 807 fuerant,

52 820 343 867 reduxerunt
380 838 543 868 eorum
583 821 823 869 burdones
870 824 945 886 (3)
962 860 973 879 ,
1016 841 1134 888 qnos
1176 825 1470 872 multimodis

51 908 243 944 onustos
263 897 543 944 victualibus
569 909 615 944 et
637 898 832 945 diversis
860 900 1003 963 gazis,
1039 900 1096 945 ad
1130 902 1377 964 propriam
1401 902 1471 948 ci—

51 976 245 1021 vitatem
273 974 586 1022 deducebant.
613 976 808 1022 Factum
843 987 910 1022 est
939 977 1083 1041 igitur
1108 979 1390 1025 immensum
1422 980 1469 1025 in

53 1053 213 1098 castris
259 1051 481 1116 gaudium
498 1090 509 1110 ,
568 1065 667 1099 tum
716 1071 807 1117 pro
854 1055 1079 1112 victoria,
1126 1067 1226 1102 tum
1273 1068 1472 1120 propter

53 1130 227 1193 opima,
248 1148 354 1194 quae
375 1130 431 1176 ad
446 1148 523 1178 eos
543 1141 848 1194 reportarant
866 1134 1137 1190 cursitores,
1161 1135 1325 1198 spolia.
1349 1135 1472 1194 Quo-

53 1206 250 1253 tidianas
286 1225 401 1272 ergo
429 1220 476 1254 et
514 1209 762 1255 continuas
802 1210 901 1255 Deo
941 1210 1210 1257 referebant
1247 1211 1403 1258 laudes
1427 1222 1474 1257 et

53 1286 250 1349 gratias,
278 1286 382 1350 qui,
411 1303 502 1349 pro
521 1303 605 1332 suo
629 1303 791 1333 amore
809 1304 829 1331 a
852 1288 993 1333 natali
1027 1289 1128 1335 solo
1154 1289 1321 1352 procul
1351 1305 1472 1335 exu-

57 1362 203 1409 lantes
248 1374 343 1409 tam
388 1364 677 1410 excellenter
727 1365 1007 1428 protegebat
1051 1367 1176 1412 inter
1218 1366 1472 1431 phalanges

54 1440 280 1487 ethnicas.

118 1518 446 1575 Buamundus,
475 1520 709 1583 pigritiae,
742 1520 817 1566 vel
841 1521 1197 1576 somnolentiae,
1228 1538 1475 1585 nunquam

54 1594 357 1659 adquiescens
375 1596 683 1660 (irrequietus
695 1596 825 1642 enim
837 1595 981 1642 homo
1000 1597 1141 1659 erat),
1157 1614 1262 1642 cum
1272 1607 1475 1661 quatuor

55 1673 265 1719 millibus
281 1674 490 1719 militum
510 1691 662 1737 prope
688 1673 957 1720 Antiochiae
978 1685 1166 1736 portam
1183 1686 1314 1721 caute
1340 1676 1476 1721 clan-

55 1750 262 1797 destinus
294 1752 448 1808 venit,
487 1753 522 1797 si
562 1753 641 1816 qui
676 1753 798 1798 sorte
845 1751 1048 1797 latenter
1088 1751 1472 1815 ingrederentur,

57 1829 126 1875 vel
147 1828 507 1892 egrederentur,
535 1840 802 1892 expectans.

120 1906 208 1952 IX.
231 1906 427 1953 Summo
444 1905 655 1952 diluculo
669 1906 900 1952 exercitus
917 1905 974 1952 de
993 1906 1115 1962 loco,
1141 1906 1187 1951 in
1206 1922 1301 1970 quo
1319 1916 1473 1963 erant,

59 1983 262 2030 tentoria
298 1983 513 2047 collegit,
548 1981 849 2029 Antiochiam
891 1982 1105 2039 accessit,
1134 1994 1299 2046 quarta
1335 1982 1474 2038 seria,

107 2186 158 2231 (1)
181 2185 233 2219 Ce
257 2192 347 2231 pont
367 2185 412 2219 de
435 2185 527 2218 neus
543 2184 669 2218 arches
689 2196 751 2217 sur
775 2183 964 2225 l'Orontc,
992 2190 1028 2217 ct
1044 2191 1118 2217 non
1138 2195 1200 2216 sur
1218 2182 1249 2216 le.
1270 2183 1478 2228 Pharphar,

62 2246 148 2280 etait
166 2246 259 2279 sitne
275 2247 295 2279 a
311 2251 440 2292 quatre
459 2244 570 2278 lienes
587 2243 819 2279 (l⁷Antiochc.
840 2244 890 2277 M.
910 2243 1084 2277 Michand
1105 2255 1196 2277 nous
1213 2242 1375 2289 appi-end
1394 2243 1482 2289 qu’il

63 2316 80 2338 a
100 2306 157 2339 ete
174 2306 342 2338 renversc'·
360 2316 405 2338 en
429 2303 535 2346 1822,
562 2316 627 2350 par
646 2316 696 2336 un
717 2302 973 2337 trelnhlcnient
1000 2302 1045 2337 de
1068 2309 1184 2346 terre,
1212 2315 1294 2337 avec
1314 2302 1365 2336 les
1389 2302 1483 2335 deux

64 2370 164 2397 tours
182 2363 345 2397 revetues
364 2363 408 2396 de
427 2362 538 2396 lamcs
556 2361 600 2395 (ic
619 2362 674 2395 ser
692 2362 756 2406 (au
772 2362 889 2395 moins
904 2373 965 2395 sur
983 2361 1079 2395 leurs
1094 2363 1256 2408 portes),
1278 2360 1485 2408 auxquelles

63 2423 87 2457 il
109 2423 227 2457 dcvait
246 2435 309 2456 son
329 2434 429 2456 nom.
450 2421 662 2456 Guillaurnc
680 2421 724 2455 (lc
746 2422 822 2467 Tyr
845 2421 1002 2455 cllerche
1022 2433 1094 2455 une
1114 2428 1217 2455 autre
1243 2422 1385 2466 origiue
1404 2422 1422 2454 a
1446 2432 1485 2453 cc

65 2494 148 2516 nom
160 2510 168 2525 ‚
182 2489 219 2516 et
234 2482 389 2528 pretend
403 2481 433 2516 la
449 2488 595 2515 trouver
608 2481 697 2514 dans
714 2481 745 2514 lc
761 2493 845 2514 nom
861 2481 906 2515 de
924 2481 995 2515 Fer
1007 2480 1096 2527 qu'il
1113 2481 1272 2515 attribue
1285 2483 1303 2515 ἐι
1320 2481 1487 2516 FOrontc

65 2542 84 2574 ἐι
101 2541 297 2575 Antioche.

111 2601 161 2645 (2)
184 2600 280 2634 Dans
301 2612 341 2634 ce
365 2599 530 2643 combat,
554 2598 586 2633 le
607 2599 677 2632 duc
694 2597 738 2632 dc
758 2597 984 2632 Normandie
1003 2598 1057 2632 sut
1077 2598 1212 2644 charge
1232 2598 1280 2632 du
1301 2609 1485 2631 connnau—

67 2656 214 2692 dement
237 2657 282 2692 dc
299 2656 576 2703 Pamin-garde.
602 2659 667 2691 Lcs
686 2655 879 2690 ctcndards
898 2655 942 2689 dc
964 2655 1108 2690 l’armee
1126 2656 1339 2690 chretiennc
1360 2656 1479 2688 furent

68 2715 199 2751 confles
216 2717 235 2750 ὲ
253 2715 377 2761 Roger
395 2715 439 2749 dc
457 2713 657 2749 Barncvillc
677 2721 712 2748 et
731 2716 748 2747 a
771 2705 902 2748 Evrard
924 2713 970 2748 du
989 2714 1126 2748 l'uiset.

114 2775 166 2819 (3)
186 2775 343 2817 Maleus,
366 2776 465 2810 hefte<
488 2775 531 2810 dc
553 2787 702 2809 somine.
