2033 3445
603 301 755 339 LIBER
785 300 992 340 SEXTUS.
1450 305 1499 344 49

103 401 256 436 tamen
279 398 462 452 peccata
485 405 562 433 sua
585 386 840 433 secundum
863 387 1068 433 Danielis
1095 389 1344 434 consilium
1368 391 1497 437 redi-

99 477 252 511 munt.
280 463 358 509 Isti
378 463 602 509 nimirum
634 473 787 526 partes
811 480 911 508 suas
935 462 992 509 de
1022 463 1257 510 manubiis
1293 464 1496 512 hostium

99 541 353 604 accipiunt,
393 540 506 585 dum
539 539 595 585 sle
631 541 830 586 terrenis
865 541 1232 603 possessionibus
1267 543 1365 589 Deo
1396 560 1497 589 ser-

98 617 324 663 vientium
347 616 629 662 monasteria
658 627 966 673 construunt,
998 628 1045 663 et
1073 616 1130 663 de
1160 619 1324 683 iniquo
1346 638 1499 666 mam-

94 711 231 741 mona
261 711 520 758 pauperum
548 706 594 740 et
620 694 922 741 infirmorum
944 695 1253 742 Xenodochia
1281 698 1357 761 pie
1390 715 1499 744 con-

92 772 316 830 stituunt,
344 783 390 818 et
411 772 467 818 de
489 772 758 818 substantiis
779 773 870 818 suis
898 772 1167 819 oratoribus
1189 775 1298 820 coeli
1321 775 1498 821 victum

89 861 135 896 et
153 850 371 896 vestitum
390 851 663 914 porrigunt.
685 850 836 896 Porro
860 867 942 896 rex
963 850 1299 905 Sodomorum,
1325 852 1495 898 trium-

87 926 248 990 phanti
266 926 445 972 Abram
461 926 671 982 adulans,
692 926 936 972 diabolum
954 927 1142 991 figurat,
1165 929 1245 992 qui
1268 929 1400 974 mille
1419 947 1496 974 ar-

87 1003 212 1051 tibus
236 1004 438 1051 nocendi
462 1005 656 1051 Sanctos
680 1003 891 1069 quotidie
914 1016 1084 1062 tentat3
1111 1023 1228 1069 quos
1253 1005 1494 1053 blanditiis

85 1092 132 1126 et
157 1079 419 1127 terroribus
444 1091 579 1127 nocte
595 1079 763 1144 dieque
790 1081 1061 1145 impugnat,
1090 1092 1136 1127 ct
1154 1083 1312 1127 omnia
1331 1082 1494 1128 mundi

85 1158 447 1214 delectamenta,
479 1157 756 1222 divitiasque
790 1159 862 1203 vel
895 1158 1098 1204 honores
1126 1159 1182 1204 ad
1214 1158 1304 1205 hoc
1329 1159 1496 1206 callide

86 1236 452 1291 sumministrat,
491 1246 544 1280 ut
580 1236 756 1280 animas
799 1234 1098 1282 solummodo
1140 1237 1185 1281 in
1215 1236 1495 1283 barathrum

86 1311 364 1376 perditionis
389 1329 546 1358 secum
574 1311 833 1376 pertrahat.
859 1312 1038 1358 Abram
1063 1330 1178 1359 vero
1211 1313 1494 1360 blandientis

84 1390 413 1436 assentationes
432 1390 554 1453 regis
574 1391 885 1452 contempsit,
912 1407 997 1436 nec
1018 1391 1173 1437 laudes
1191 1408 1276 1437 nec
1295 1409 1490 1437 munera

83 1465 308 1530 quaelibet
328 1465 389 1511 ab
415 1467 497 1511 illo
521 1467 730 1529 recipere
760 1465 954 1530 (liguum
979 1466 1144 1525 duxit,
1177 1468 1254 1514 sed
1288 1469 1493 1514 commi-

83 1542 306 1589 litonibus
323 1553 506 1588 tantum
528 1544 619 1589 suis
638 1554 792 1606 partes
819 1561 920 1589 suas
936 1580 946 1598 ,
977 1555 1023 1590 et
1048 1563 1153 1609 quae
1177 1545 1234 1591 ad
1255 1562 1384 1592 esum
1412 1564 1491 1591 ne-

79 1620 270 1667 cessaria
305 1631 463 1676 erant,
499 1638 682 1666 sumere
707 1622 938 1685 permisit.
975 1622 1051 1667 Sic
1088 1624 1318 1669 nimirum
1342 1626 1487 1669 sancti

76 1698 192 1751 viri,
222 1697 336 1743 dum
369 1699 412 1743 in
452 1697 536 1744 hac
566 1700 659 1744 vita
689 1710 871 1762 tempus
905 1700 1089 1746 militiae
1113 1717 1207 1746 suae
1231 1712 1486 1765 peragunt,

76 1775 232 1821 omnia
257 1775 494 1822 mundana
521 1794 610 1839 pro
635 1777 813 1822 coelesti
849 1776 1080 1823 desiderio
1114 1790 1370 1841 spernunt,
1404 1795 1489 1825 nec

78 1854 220 1899 ullam
249 1853 508 1900 mercedem
553 1871 640 1916 pro
682 1855 938 1900 sanctitatis
975 1872 1068 1900 suae
1105 1856 1488 1902 remuneratione

78 1940 322 1993 appetunt.
364 1930 544 1975 Verum
568 1929 831 1977 mundanos
867 1931 1127 1995 principes,
1157 1932 1236 1996 qui
1277 1932 1366 1978 fide
1400 1932 1484 1977 Ca-

80 2007 248 2054 tholica
276 2019 320 2053 et
350 2018 636 2054 aeternorum
664 2008 894 2055 desiderio
918 2009 1159 2056 bonorum
1180 2013 1244 2056 eis
1262 2011 1486 2056 comitan-

79 2096 173 2141 tur,
201 2085 457 2131 admoneut
480 2097 533 2131 ut
566 2086 765 2133 ecclesiis
792 2098 946 2150 partes
969 2106 1070 2133 suas
1101 2088 1158 2133 de
1187 2088 1485 2151 patrimoniis

76 2175 122 2210 et
159 2163 414 2228 quaestibus
439 2165 528 2210 suis
564 2163 769 2219 donent,
797 2176 843 2211 et
876 2182 1048 2229 egenos
1082 2165 1342 2230 mundique
1376 2183 1485 2212 con-

77 2253 332 2306 temptores
355 2243 445 2287 suis
472 2241 706 2288 beneficiis
727 2254 1010 2299 sustentent3
1039 2255 1090 2289 ut
1115 2261 1137 2289 a
1162 2244 1373 2299 Christo,
1401 2244 1481 2307 qui

75 2337 122 2366 se
148 2320 192 2365 in
220 2319 503 2383 pauperihus
527 2336 620 2366 esse
651 2321 833 2375 asserit,
868 2337 1125 2384 perennem
1159 2321 1359 2384 gloriam
1393 2319 1480 2366 sibi

74 2397 338 2445 vendicent.
377 2398 539 2444 Multis
565 2397 819 2461 approbari
858 2409 1010 2462 potest
1041 2398 1401 2445 auctoritatibus
1434 2408 1481 2444 et

73 2476 296 2539 exemplis
320 2475 446 2540 quod
471 2487 655 2522 tantum
680 2476 766 2522 sibi
796 2475 1008 2523 homines
1035 2478 1246 2523 retinent
1270 2475 1325 2522 ad
1343 2493 1479 2522 emo-

74 2554 336 2599 lumentum
379 2565 569 2600 aeternae
609 2554 792 2610 salutis,
828 2566 1058 2618 quantum
1095 2555 1140 2599 in
1181 2554 1476 2618 eleemosyna

70 2631 437 2678 misericorditer
464 2632 755 2678 distribuunt
780 2634 911 2696 juxta
936 2644 1227 2696 praeceptum
1263 2632 1478 2677 Salvato-

70 2708 146 2753 ris.
176 2708 295 2754 Nam
329 2726 378 2755 ea
402 2727 507 2773 quae
532 2726 620 2772 pro
654 2709 964 2757 delectatione
990 2711 1142 2756 carnis
1167 2708 1364 2772 prodige
1398 2708 1474 2752 (li-

65 2784 305 2842 strahunt,
329 2804 407 2833 seu
434 2806 521 2849 pro
542 2788 793 2834 mundialis
818 2789 942 2834 inani
970 2787 1220 2850 splendore
1243 2786 1474 2832 felicitatis

167 2879 237 2907 ιιι.
1256 2868 1275 2918 (ι
