<?xml version="1.0" encoding="UTF-8"?>
<!DOCTYPE html PUBLIC "-//W3C//DTD XHTML 1.0 Transitional//EN"
    "http://www.w3.org/TR/xhtml1/DTD/xhtml1-transitional.dtd">
<html xmlns="http://www.w3.org/1999/xhtml" xml:lang="en" lang="en">
 <head>
  <title>
</title>
<meta http-equiv="Content-Type" content="text/html;charset=utf-8" />
  <meta name='ocr-system' content='tesseract 3.04.00' />
  <meta name='ocr-capabilities' content='ocr_page ocr_carea ocr_par ocr_line ocrx_word'/>
</head>
<body>
  <div class='ocr_page' id='page_1' title='image "./ordericivitalish03ordeuoft/ordericivitalish03ordeuoft_0073.png"; bbox 0 0 2033 3445; ppageno 0'>
   <div class='ocr_carea' id='block_1_1' title="bbox 121 305 1521 357">
    <p class='ocr_par' dir='ltr' id='par_1_1' title="bbox 121 305 1521 357">
     <span class='ocr_line' id='line_1_1' title="bbox 121 305 1521 357; baseline -0.001 -13"><span class='ocrx_word' id='word_1_1' title='bbox 121 308 338 357; x_wconf 78' lang='lat'>[517-560]</span> <span class='ocrx_word' id='word_1_2' title='bbox 625 305 779 343; x_wconf 80' lang='lat' dir='ltr'>LIBER</span> <span class='ocrx_word' id='word_1_3' title='bbox 807 305 1015 345; x_wconf 83' lang='lat' dir='ltr'>SEXTUS.</span> <span class='ocrx_word' id='word_1_4' title='bbox 1476 317 1521 353; x_wconf 76' lang='lat'>51</span> 
     </span>
    </p>
   </div>
   <div class='ocr_carea' id='block_1_2' title="bbox 121 392 1610 2456">
    <p class='ocr_par' dir='ltr' id='par_1_2' title="bbox 121 392 1610 2456">
     <span class='ocr_line' id='line_1_2' title="bbox 123 392 1526 463; baseline 0.005 -25"><span class='ocrx_word' id='word_1_5' title='bbox 123 393 270 440; x_wconf 87' lang='lat' dir='ltr'>nobili</span> <span class='ocrx_word' id='word_1_6' title='bbox 301 402 433 439; x_wconf 84' lang='lat' dir='ltr'>ortus</span> <span class='ocrx_word' id='word_1_7' title='bbox 465 393 705 455; x_wconf 81' lang='lat' dir='ltr'>prosapia,</span> <span class='ocrx_word' id='word_1_8' title='bbox 727 392 1012 456; x_wconf 79' lang='lat' dir='ltr'>Bajocasinae</span> <span class='ocrx_word' id='word_1_9' title='bbox 1043 393 1175 439; x_wconf 80' lang='lat' dir='ltr'>urbis</span> <span class='ocrx_word' id='word_1_10' title='bbox 1205 395 1433 444; x_wconf 86' lang='lat' dir='ltr'>oriundus</span> <span class='ocrx_word' id='word_1_11' title='bbox 1456 401 1526 463; x_wconf 89' lang='lat'>(1)</span> 
     </span>
     <span class='ocr_line' id='line_1_3' title="bbox 122 469 1528 532; baseline 0.006 -16"><span class='ocrx_word' id='word_1_12' title='bbox 122 471 292 516; x_wconf 86' lang='lat' dir='ltr'>extitit.</span> <span class='ocrx_word' id='word_1_13' title='bbox 312 469 462 529; x_wconf 87' lang='lat' dir='ltr'>Quem</span> <span class='ocrx_word' id='word_1_14' title='bbox 476 480 694 532; x_wconf 85' lang='lat' dir='ltr'>parentes</span> <span class='ocrx_word' id='word_1_15' title='bbox 710 469 854 516; x_wconf 87' lang='lat' dir='ltr'>nimia</span> <span class='ocrx_word' id='word_1_16' title='bbox 872 469 1122 517; x_wconf 81' lang='lat' dir='ltr'><strong>educantes</strong></span> <span class='ocrx_word' id='word_1_17' title='bbox 1141 490 1267 527; x_wconf 66' lang='lat' dir='ltr'>cura,</span> <span class='ocrx_word' id='word_1_18' title='bbox 1285 474 1528 525; x_wconf 73' lang='lat' dir='ltr'>catliolicae</span> 
     </span>
     <span class='ocr_line' id='line_1_4' title="bbox 122 546 1528 610; baseline 0.005 -17"><span class='ocrx_word' id='word_1_19' title='bbox 122 547 227 593; x_wconf 86' lang='lat' dir='ltr'>fidei</span> <span class='ocrx_word' id='word_1_20' title='bbox 243 547 512 610; x_wconf 80' lang='lat' dir='ltr'>magisterio</span> <span class='ocrx_word' id='word_1_21' title='bbox 530 546 844 593; x_wconf 83' lang='lat' dir='ltr'>tradiderunt.</span> <span class='ocrx_word' id='word_1_22' title='bbox 862 547 949 607; x_wconf 83' lang='lat' dir='ltr'>Qui</span> <span class='ocrx_word' id='word_1_23' title='bbox 969 548 1091 595; x_wconf 83' lang='lat' dir='ltr'>mira</span> <span class='ocrx_word' id='word_1_24' title='bbox 1110 549 1357 597; x_wconf 69' lang='lat' dir='ltr'>velocitate</span> <span class='ocrx_word' id='word_1_25' title='bbox 1371 551 1528 600; x_wconf 88' lang='lat' dir='ltr'>divina</span> 
     </span>
     <span class='ocr_line' id='line_1_5' title="bbox 121 623 1532 687; baseline 0.006 -18"><span class='ocrx_word' id='word_1_26' title='bbox 121 635 168 670; x_wconf 84' lang='lat' dir='ltr'>et</span> <span class='ocrx_word' id='word_1_27' title='bbox 190 624 392 670; x_wconf 83' lang='lat' dir='ltr'>humana</span> <span class='ocrx_word' id='word_1_28' title='bbox 416 623 672 687; x_wconf 80' lang='lat' dir='ltr'><strong>diligenter</strong></span> <span class='ocrx_word' id='word_1_29' title='bbox 698 641 982 687; x_wconf 83' lang='lat' dir='ltr'>percurrens</span> <span class='ocrx_word' id='word_1_30' title='bbox 1006 626 1180 683; x_wconf 77' lang='lat' dir='ltr'>studia,</span> <span class='ocrx_word' id='word_1_31' title='bbox 1209 629 1348 674; x_wconf 86' lang='lat' dir='ltr'>etiam</span> <span class='ocrx_word' id='word_1_32' title='bbox 1381 630 1532 677; x_wconf 85' lang='lat' dir='ltr'>adhuc</span> 
     </span>
     <span class='ocr_line' id='line_1_6' title="bbox 121 701 1534 766; baseline 0.005 -20"><span class='ocrx_word' id='word_1_33' title='bbox 121 717 239 764; x_wconf 87' lang='lat' dir='ltr'>puer</span> <span class='ocrx_word' id='word_1_34' title='bbox 259 702 380 764; x_wconf 87' lang='lat' dir='ltr'>ipsos</span> <span class='ocrx_word' id='word_1_35' title='bbox 396 701 643 766; x_wconf 77' lang='lat' dir='ltr'>magistros</span> <span class='ocrx_word' id='word_1_36' title='bbox 659 701 834 748; x_wconf 86' lang='lat' dir='ltr'>dicitur</span> <span class='ocrx_word' id='word_1_37' title='bbox 853 703 1139 765; x_wconf 62' lang='lat' dir='ltr'>praecessisse</span> <span class='ocrx_word' id='word_1_38' title='bbox 1162 703 1398 752; x_wconf 88' lang='lat' dir='ltr'>doctrina.</span> <span class='ocrx_word' id='word_1_39' title='bbox 1426 708 1534 754; x_wconf 77' lang='lat' dir='ltr'>Coe-</span> 
     </span>
     <span class='ocr_line' id='line_1_7' title="bbox 123 779 1531 845; baseline 0.006 -21"><span class='ocrx_word' id='word_1_40' title='bbox 123 779 245 824; x_wconf 90' lang='lat' dir='ltr'>lestis</span> <span class='ocrx_word' id='word_1_41' title='bbox 270 779 397 825; x_wconf 86' lang='lat' dir='ltr'>enim</span> <span class='ocrx_word' id='word_1_42' title='bbox 425 780 598 842; x_wconf 84' lang='lat' dir='ltr'>gratia,</span> <span class='ocrx_word' id='word_1_43' title='bbox 635 797 740 844; x_wconf 81' lang='lat' dir='ltr'>quae</span> <span class='ocrx_word' id='word_1_44' title='bbox 763 779 850 826; x_wconf 88' lang='lat' dir='ltr'>sibi</span> <span class='ocrx_word' id='word_1_45' title='bbox 876 797 982 826; x_wconf 89' lang='lat' dir='ltr'>eum</span> <span class='ocrx_word' id='word_1_46' title='bbox 1017 782 1261 845; x_wconf 81' lang='lat' dir='ltr'>religionis</span> <span class='ocrx_word' id='word_1_47' title='bbox 1289 783 1531 832; x_wconf 87' lang='lat' dir='ltr'>doctorem</span> 
     </span>
     <span class='ocr_line' id='line_1_8' title="bbox 123 856 1535 920; baseline 0.004 -18"><span class='ocrx_word' id='word_1_48' title='bbox 123 857 336 902; x_wconf 81' lang='lat' dir='ltr'>futurum</span> <span class='ocrx_word' id='word_1_49' title='bbox 352 856 637 920; x_wconf 63' lang='lat' dir='ltr'>praeviderat</span> <span class='ocrx_word' id='word_1_50' title='bbox 650 894 662 914; x_wconf 88' lang='lat'><strong><em>,</em></strong></span> <span class='ocrx_word' id='word_1_51' title='bbox 692 858 737 903; x_wconf 94' lang='lat' dir='ltr'>in</span> <span class='ocrx_word' id='word_1_52' title='bbox 763 857 984 904; x_wconf 85' lang='lat' dir='ltr'>omnibus</span> <span class='ocrx_word' id='word_1_53' title='bbox 1003 859 1315 907; x_wconf 84' lang='lat' dir='ltr'>efficacissime</span> <span class='ocrx_word' id='word_1_54' title='bbox 1334 861 1535 909; x_wconf 76' lang='lat' dir='ltr'>docilem</span> 
     </span>
     <span class='ocr_line' id='line_1_9' title="bbox 125 934 1540 1002; baseline 0.004 -21"><span class='ocrx_word' id='word_1_55' title='bbox 125 934 408 982; x_wconf 81' lang='lat' dir='ltr'>reddiderat.</span> <span class='ocrx_word' id='word_1_56' title='bbox 429 935 594 1000; x_wconf 83' lang='lat' dir='ltr'>Neque</span> <span class='ocrx_word' id='word_1_57' title='bbox 612 953 668 982; x_wconf 88' lang='lat' dir='ltr'>ex</span> <span class='ocrx_word' id='word_1_58' title='bbox 690 937 937 983; x_wconf 80' lang='lat' dir='ltr'>insolentia</span> <span class='ocrx_word' id='word_1_59' title='bbox 963 938 1042 999; x_wconf 88' lang='lat' dir='ltr'>(ut</span> <span class='ocrx_word' id='word_1_60' title='bbox 1066 955 1168 985; x_wconf 80' lang='lat' dir='ltr'>mos</span> <span class='ocrx_word' id='word_1_61' title='bbox 1187 950 1256 985; x_wconf 87' lang='lat' dir='ltr'>est</span> <span class='ocrx_word' id='word_1_62' title='bbox 1281 939 1416 1002; x_wconf 87' lang='lat' dir='ltr'>hujus</span> <span class='ocrx_word' id='word_1_63' title='bbox 1435 953 1540 987; x_wconf 80' lang='lat' dir='ltr'>aeta-</span> 
     </span>
     <span class='ocr_line' id='line_1_10' title="bbox 129 1014 1537 1081; baseline 0.004 -22"><span class='ocrx_word' id='word_1_64' title='bbox 129 1014 210 1071; x_wconf 78' lang='lat' dir='ltr'>tis)</span> <span class='ocrx_word' id='word_1_65' title='bbox 235 1014 435 1077; x_wconf 84' lang='lat' dir='ltr'>superbe</span> <span class='ocrx_word' id='word_1_66' title='bbox 461 1014 636 1078; x_wconf 85' lang='lat' dir='ltr'>aliquid</span> <span class='ocrx_word' id='word_1_67' title='bbox 666 1014 874 1077; x_wconf 77' lang='lat' dir='ltr'>agendo,</span> <span class='ocrx_word' id='word_1_68' title='bbox 899 1026 1041 1061; x_wconf 70' lang='lat' dir='ltr'>tantae</span> <span class='ocrx_word' id='word_1_69' title='bbox 1066 1016 1237 1063; x_wconf 86' lang='lat' dir='ltr'>indolis</span> <span class='ocrx_word' id='word_1_70' title='bbox 1256 1017 1537 1081; x_wconf 74' lang='lat' dir='ltr'>dignitatem</span> 
     </span>
     <span class='ocr_line' id='line_1_11' title="bbox 130 1089 1540 1159; baseline 0.006 -24"><span class='ocrx_word' id='word_1_71' title='bbox 130 1089 381 1138; x_wconf 87' lang='lat' dir='ltr'>inficiebat.</span> <span class='ocrx_word' id='word_1_72' title='bbox 417 1091 564 1138; x_wconf 83' lang='lat' dir='ltr'>Vultu</span> <span class='ocrx_word' id='word_1_73' title='bbox 598 1091 828 1156; x_wconf 86' lang='lat' dir='ltr'>siquidem</span> <span class='ocrx_word' id='word_1_74' title='bbox 860 1092 1128 1155; x_wconf 87' lang='lat' dir='ltr'>spectabilis</span> <span class='ocrx_word' id='word_1_75' title='bbox 1159 1105 1205 1139; x_wconf 88' lang='lat' dir='ltr'>et</span> <span class='ocrx_word' id='word_1_76' title='bbox 1235 1094 1434 1157; x_wconf 78' lang='lat' dir='ltr'>(affatu)</span> <span class='ocrx_word' id='word_1_77' title='bbox 1470 1097 1540 1159; x_wconf 27' lang='lat'>(2¹)</span> 
     </span>
     <span class='ocr_line' id='line_1_12' title="bbox 127 1165 1610 1234; baseline 0.004 -22"><span class='ocrx_word' id='word_1_78' title='bbox 127 1165 298 1225; x_wconf 88' lang='lat' dir='ltr'>dulcis,</span> <span class='ocrx_word' id='word_1_79' title='bbox 326 1169 443 1214; x_wconf 85' lang='lat' dir='ltr'>nulli</span> <span class='ocrx_word' id='word_1_80' title='bbox 463 1169 652 1215; x_wconf 81' lang='lat' dir='ltr'>levitate</span> <span class='ocrx_word' id='word_1_81' title='bbox 675 1169 831 1232; x_wconf 85' lang='lat' dir='ltr'>aliqua</span> <span class='ocrx_word' id='word_1_82' title='bbox 853 1168 1080 1214; x_wconf 79' lang='lat' dir='ltr'>existebat</span> <span class='ocrx_word' id='word_1_83' title='bbox 1101 1171 1273 1233; x_wconf 78' lang='lat' dir='ltr'>gravis.</span> <span class='ocrx_word' id='word_1_84' title='bbox 1291 1171 1381 1231; x_wconf 83' lang='lat' dir='ltr'>Qui</span> <span class='ocrx_word' id='word_1_85' title='bbox 1403 1173 1542 1234; x_wconf 80' lang='lat' dir='ltr'>(sicut</span> <span class='ocrx_word' id='word_1_86' title='bbox 1604 1208 1610 1218; x_wconf 68' lang='grc'>,</span> 
     </span>
     <span class='ocr_line' id='line_1_13' title="bbox 127 1243 1538 1308; baseline 0.004 -18"><span class='ocrx_word' id='word_1_87' title='bbox 127 1243 307 1291; x_wconf 86' lang='lat' dir='ltr'>dictum</span> <span class='ocrx_word' id='word_1_88' title='bbox 323 1246 415 1308; x_wconf 80' lang='lat' dir='ltr'>est)</span> <span class='ocrx_word' id='word_1_89' title='bbox 442 1245 702 1292; x_wconf 79' lang='lat' dir='ltr'>nobilitatis</span> <span class='ocrx_word' id='word_1_90' title='bbox 726 1245 938 1308; x_wconf 78' lang='lat' dir='ltr'>lampade</span> <span class='ocrx_word' id='word_1_91' title='bbox 958 1246 1134 1303; x_wconf 86' lang='lat' dir='ltr'>clarus,</span> <span class='ocrx_word' id='word_1_92' title='bbox 1158 1247 1438 1295; x_wconf 79' lang='lat' dir='ltr'>immortalis</span> <span class='ocrx_word' id='word_1_93' title='bbox 1456 1250 1538 1296; x_wconf 89' lang='lat' dir='ltr'>Dei</span> 
     </span>
     <span class='ocr_line' id='line_1_14' title="bbox 123 1322 1539 1391; baseline 0.004 -24"><span class='ocrx_word' id='word_1_94' title='bbox 123 1323 222 1385; x_wconf 87' lang='lat' dir='ltr'>jam</span> <span class='ocrx_word' id='word_1_95' title='bbox 245 1333 383 1368; x_wconf 89' lang='lat' dir='ltr'>notus</span> <span class='ocrx_word' id='word_1_96' title='bbox 401 1322 736 1386; x_wconf 83' lang='lat' dir='ltr'>praescientiae,</span> <span class='ocrx_word' id='word_1_97' title='bbox 764 1340 877 1369; x_wconf 88' lang='lat' dir='ltr'>mox</span> <span class='ocrx_word' id='word_1_98' title='bbox 901 1323 1108 1369; x_wconf 88' lang='lat' dir='ltr'>innotuit</span> <span class='ocrx_word' id='word_1_99' title='bbox 1129 1324 1419 1390; x_wconf 75' lang='lat' dir='ltr'>(Clothario)</span> <span class='ocrx_word' id='word_1_100' title='bbox 1442 1329 1539 1391; x_wconf 76' lang='lat' dir='ltr'>regi</span> 
     </span>
     <span class='ocr_line' id='line_1_15' title="bbox 132 1398 1542 1464; baseline 0.004 -20"><span class='ocrx_word' id='word_1_101' title='bbox 132 1398 258 1462; x_wconf 81' lang='lat' dir='ltr'>(filio</span> <span class='ocrx_word' id='word_1_102' title='bbox 298 1399 519 1446; x_wconf 87' lang='lat' dir='ltr'>Clodovei</span> <span class='ocrx_word' id='word_1_103' title='bbox 536 1435 548 1455; x_wconf 89' lang='lat'><strong><em>‚</em></strong></span> <span class='ocrx_word' id='word_1_104' title='bbox 589 1401 667 1464; x_wconf 84' lang='lat' dir='ltr'>qui</span> <span class='ocrx_word' id='word_1_105' title='bbox 705 1400 887 1462; x_wconf 87' lang='lat' dir='ltr'>primus</span> <span class='ocrx_word' id='word_1_106' title='bbox 927 1416 983 1446; x_wconf 87' lang='lat' dir='ltr'>ex</span> <span class='ocrx_word' id='word_1_107' title='bbox 1018 1401 1208 1464; x_wconf 77' lang='lat' dir='ltr'>regibus</span> <span class='ocrx_word' id='word_1_108' title='bbox 1246 1403 1542 1451; x_wconf 83' lang='lat' dir='ltr'>Francorum</span> 
     </span>
     <span class='ocr_line' id='line_1_16' title="bbox 131 1474 1544 1542; baseline 0.004 -21"><span class='ocrx_word' id='word_1_109' title='bbox 131 1474 421 1522; x_wconf 83' lang='lat' dir='ltr'>Christianus</span> <span class='ocrx_word' id='word_1_110' title='bbox 445 1476 590 1522; x_wconf 81' lang='lat' dir='ltr'>’factus</span> <span class='ocrx_word' id='word_1_111' title='bbox 618 1486 710 1531; x_wconf 86' lang='lat' dir='ltr'>est,</span> <span class='ocrx_word' id='word_1_112' title='bbox 747 1486 793 1521; x_wconf 89' lang='lat' dir='ltr'>et</span> <span class='ocrx_word' id='word_1_113' title='bbox 821 1494 843 1520; x_wconf 91' lang='lat' dir='ltr'>a</span> <span class='ocrx_word' id='word_1_114' title='bbox 879 1475 1017 1523; x_wconf 83' lang='lat' dir='ltr'>beato</span> <span class='ocrx_word' id='word_1_115' title='bbox 1040 1477 1258 1542; x_wconf 82' lang='lat' dir='ltr'>Remigio</span> <span class='ocrx_word' id='word_1_116' title='bbox 1282 1479 1544 1526; x_wconf 81' lang='lat' dir='ltr'>Remorum</span> 
     </span>
     <span class='ocr_line' id='line_1_17' title="bbox 131 1553 1545 1621; baseline 0.005 -23"><span class='ocrx_word' id='word_1_117' title='bbox 131 1553 482 1617; x_wconf 80' lang='lat' dir='ltr'>archiepiscopo</span> <span class='ocrx_word' id='word_1_118' title='bbox 503 1571 609 1600; x_wconf 87' lang='lat' dir='ltr'>cum</span> <span class='ocrx_word' id='word_1_119' title='bbox 634 1553 787 1599; x_wconf 84' lang='lat' dir='ltr'>tribus</span> <span class='ocrx_word' id='word_1_120' title='bbox 808 1553 1040 1600; x_wconf 84' lang='lat' dir='ltr'>nobilium</span> <span class='ocrx_word' id='word_1_121' title='bbox 1055 1555 1268 1602; x_wconf 86' lang='lat' dir='ltr'>millibus</span> <span class='ocrx_word' id='word_1_122' title='bbox 1284 1556 1466 1621; x_wconf 90' lang='lat' dir='ltr'>baptiza</span> <span class='ocrx_word' id='word_1_123' title='bbox 1476 1571 1545 1605; x_wconf 88' lang='lat' dir='ltr'>tus</span> 
     </span>
     <span class='ocr_line' id='line_1_18' title="bbox 130 1630 1542 1695; baseline 0.004 -19"><span class='ocrx_word' id='word_1_124' title='bbox 130 1630 245 1693; x_wconf 81' lang='lat' dir='ltr'>est).</span> <span class='ocrx_word' id='word_1_125' title='bbox 271 1630 359 1689; x_wconf 87' lang='lat' dir='ltr'>Qui</span> <span class='ocrx_word' id='word_1_126' title='bbox 385 1630 681 1693; x_wconf 82' lang='lat' dir='ltr'>comperiens</span> <span class='ocrx_word' id='word_1_127' title='bbox 702 1631 833 1695; x_wconf 80' lang='lat' dir='ltr'>quiS,</span> <span class='ocrx_word' id='word_1_128' title='bbox 862 1630 934 1677; x_wconf 76' lang='lat' dir='ltr'>vel</span> <span class='ocrx_word' id='word_1_129' title='bbox 959 1632 1088 1695; x_wconf 88' lang='lat' dir='ltr'>cujus</span> <span class='ocrx_word' id='word_1_130' title='bbox 1113 1631 1376 1680; x_wconf 89' lang='lat' dir='ltr'>nobilitatis</span> <span class='ocrx_word' id='word_1_131' title='bbox 1403 1646 1542 1691; x_wconf 80' lang='lat' dir='ltr'>esset,</span> 
     </span>
     <span class='ocr_line' id='line_1_19' title="bbox 133 1707 1546 1778; baseline 0.004 -24"><span class='ocrx_word' id='word_1_132' title='bbox 133 1708 260 1754; x_wconf 85' lang='lat' dir='ltr'>illico</span> <span class='ocrx_word' id='word_1_133' title='bbox 280 1709 552 1771; x_wconf 81' lang='lat' dir='ltr'>praesentari</span> <span class='ocrx_word' id='word_1_134' title='bbox 575 1707 660 1754; x_wconf 89' lang='lat' dir='ltr'>sibi</span> <span class='ocrx_word' id='word_1_135' title='bbox 684 1726 791 1754; x_wconf 82' lang='lat' dir='ltr'>eum</span> <span class='ocrx_word' id='word_1_136' title='bbox 807 1707 960 1772; x_wconf 85' lang='lat' dir='ltr'>jubet,</span> <span class='ocrx_word' id='word_1_137' title='bbox 982 1709 1271 1774; x_wconf 78' lang='lat' dir='ltr'>condignum</span> <span class='ocrx_word' id='word_1_138' title='bbox 1293 1714 1394 1760; x_wconf 76' lang='lat' dir='ltr'>sore</span> <span class='ocrx_word' id='word_1_139' title='bbox 1417 1713 1546 1778; x_wconf 47' lang='lat' dir='ltr'>dijuae</span> 
     </span>
     <span class='ocr_line' id='line_1_20' title="bbox 129 1783 1546 1853; baseline 0.004 -23"><span class='ocrx_word' id='word_1_140' title='bbox 129 1783 311 1840; x_wconf 86' lang='lat' dir='ltr'>dicans,</span> <span class='ocrx_word' id='word_1_141' title='bbox 341 1796 392 1831; x_wconf 88' lang='lat' dir='ltr'>ut</span> <span class='ocrx_word' id='word_1_142' title='bbox 407 1802 548 1847; x_wconf 88' lang='lat' dir='ltr'>quem</span> <span class='ocrx_word' id='word_1_143' title='bbox 572 1787 745 1831; x_wconf 82' lang='lat' dir='ltr'>mentis</span> <span class='ocrx_word' id='word_1_144' title='bbox 766 1786 895 1831; x_wconf 89' lang='lat' dir='ltr'>nitor</span> <span class='ocrx_word' id='word_1_145' title='bbox 912 1787 1172 1844; x_wconf 84' lang='lat' dir='ltr'>extulerat,</span> <span class='ocrx_word' id='word_1_146' title='bbox 1200 1789 1438 1853; x_wconf 75' lang='lat' dir='ltr'>regalibus</span> <span class='ocrx_word' id='word_1_147' title='bbox 1456 1792 1546 1836; x_wconf 89' lang='lat' dir='ltr'>mi-</span> 
     </span>
     <span class='ocr_line' id='line_1_21' title="bbox 131 1861 1548 1914; baseline 0.005 -7"><span class='ocrx_word' id='word_1_148' title='bbox 131 1862 336 1908; x_wconf 82' lang='lat' dir='ltr'>nisteriis</span> <span class='ocrx_word' id='word_1_149' title='bbox 353 1861 630 1908; x_wconf 81' lang='lat' dir='ltr'>deserviret.</span> <span class='ocrx_word' id='word_1_150' title='bbox 647 1862 737 1907; x_wconf 88' lang='lat' dir='ltr'>Per</span> <span class='ocrx_word' id='word_1_151' title='bbox 757 1861 1034 1909; x_wconf 87' lang='lat' dir='ltr'>humilitatis</span> <span class='ocrx_word' id='word_1_152' title='bbox 1053 1875 1211 1911; x_wconf 86' lang='lat' dir='ltr'>autem</span> <span class='ocrx_word' id='word_1_153' title='bbox 1225 1867 1430 1913; x_wconf 86' lang='lat' dir='ltr'>officium</span> <span class='ocrx_word' id='word_1_154' title='bbox 1449 1880 1548 1914; x_wconf 85' lang='lat' dir='ltr'>tan-</span> 
     </span>
     <span class='ocr_line' id='line_1_22' title="bbox 132 1940 1547 2010; baseline 0.006 -26"><span class='ocrx_word' id='word_1_155' title='bbox 132 1950 227 1985; x_wconf 87' lang='lat' dir='ltr'>tam</span> <span class='ocrx_word' id='word_1_156' title='bbox 268 1941 308 1986; x_wconf 88' lang='lat' dir='ltr'>ei</span> <span class='ocrx_word' id='word_1_157' title='bbox 352 1957 581 2003; x_wconf 85' lang='lat' dir='ltr'>supernus</span> <span class='ocrx_word' id='word_1_158' title='bbox 624 1940 883 2003; x_wconf 80' lang='lat' dir='ltr'>imperator</span> <span class='ocrx_word' id='word_1_159' title='bbox 930 1942 1133 1988; x_wconf 89' lang='lat' dir='ltr'>contulit</span> <span class='ocrx_word' id='word_1_160' title='bbox 1181 1945 1381 2008; x_wconf 81' lang='lat' dir='ltr'>gratiam</span> <span class='ocrx_word' id='word_1_161' title='bbox 1423 1946 1547 2010; x_wconf 85' lang='lat' dir='ltr'>apud</span> 
     </span>
     <span class='ocr_line' id='line_1_23' title="bbox 133 2019 1546 2084; baseline 0.005 -21"><span class='ocrx_word' id='word_1_162' title='bbox 133 2029 396 2074; x_wconf 87' lang='lat' dir='ltr'>terrenum,</span> <span class='ocrx_word' id='word_1_163' title='bbox 411 2019 647 2082; x_wconf 85' lang='lat' dir='ltr'>quatinus,</span> <span class='ocrx_word' id='word_1_164' title='bbox 671 2019 853 2064; x_wconf 73' lang='lat' dir='ltr'>caeteris</span> <span class='ocrx_word' id='word_1_165' title='bbox 867 2020 1011 2082; x_wconf 86' lang='lat' dir='ltr'>praela</span> <span class='ocrx_word' id='word_1_166' title='bbox 1021 2030 1109 2077; x_wconf 83' lang='lat' dir='ltr'>tus,</span> <span class='ocrx_word' id='word_1_167' title='bbox 1134 2021 1180 2067; x_wconf 93' lang='lat' dir='ltr'>in</span> <span class='ocrx_word' id='word_1_168' title='bbox 1200 2023 1376 2084; x_wconf 89' lang='lat' dir='ltr'>palatio</span> <span class='ocrx_word' id='word_1_169' title='bbox 1396 2026 1546 2070; x_wconf 84' lang='lat' dir='ltr'>maxi-</span> 
     </span>
     <span class='ocr_line' id='line_1_24' title="bbox 133 2095 1547 2166; baseline 0.004 -24"><span class='ocrx_word' id='word_1_170' title='bbox 133 2113 263 2142; x_wconf 88' lang='lat' dir='ltr'>mum</span> <span class='ocrx_word' id='word_1_171' title='bbox 284 2095 526 2143; x_wconf 88' lang='lat' dir='ltr'>obtineret</span> <span class='ocrx_word' id='word_1_172' title='bbox 545 2096 720 2142; x_wconf 87' lang='lat' dir='ltr'>locum.</span> <span class='ocrx_word' id='word_1_173' title='bbox 748 2098 961 2143; x_wconf 79' lang='lat' dir='ltr'>oratoris</span> <span class='ocrx_word' id='word_1_174' title='bbox 984 2098 1160 2163; x_wconf 81' lang='lat' dir='ltr'>quippe</span> <span class='ocrx_word' id='word_1_175' title='bbox 1183 2100 1397 2147; x_wconf 74' lang='lat' dir='ltr'>facundia</span> <span class='ocrx_word' id='word_1_176' title='bbox 1418 2120 1547 2166; x_wconf 77' lang='lat' dir='ltr'>prae-</span> 
     </span>
     <span class='ocr_line' id='line_1_25' title="bbox 131 2172 1547 2237; baseline 0.005 -18"><span class='ocrx_word' id='word_1_177' title='bbox 131 2173 282 2230; x_wconf 89' lang='lat' dir='ltr'>ditus,</span> <span class='ocrx_word' id='word_1_178' title='bbox 316 2172 374 2219; x_wconf 86' lang='lat' dir='ltr'>ad</span> <span class='ocrx_word' id='word_1_179' title='bbox 406 2173 606 2237; x_wconf 75' lang='lat' dir='ltr'>agendas</span> <span class='ocrx_word' id='word_1_180' title='bbox 635 2191 790 2220; x_wconf 85' lang='lat' dir='ltr'>causas</span> <span class='ocrx_word' id='word_1_181' title='bbox 816 2175 940 2220; x_wconf 76' lang='lat' dir='ltr'>inter</span> <span class='ocrx_word' id='word_1_182' title='bbox 968 2175 1144 2223; x_wconf 86' lang='lat' dir='ltr'>aulicos</span> <span class='ocrx_word' id='word_1_183' title='bbox 1173 2177 1407 2225; x_wconf 86' lang='lat' dir='ltr'>residebat</span> <span class='ocrx_word' id='word_1_184' title='bbox 1429 2179 1547 2227; x_wconf 85' lang='lat' dir='ltr'>‹loc-</span> 
     </span>
     <span class='ocr_line' id='line_1_26' title="bbox 135 2252 1543 2321; baseline 0.005 -24"><span class='ocrx_word' id='word_1_185' title='bbox 135 2252 350 2299; x_wconf 88' lang='lat' dir='ltr'>tissimos.</span> <span class='ocrx_word' id='word_1_186' title='bbox 391 2253 457 2297; x_wconf 89' lang='lat' dir='ltr'>lta</span> <span class='ocrx_word' id='word_1_187' title='bbox 489 2263 645 2298; x_wconf 87' lang='lat' dir='ltr'>tamen</span> <span class='ocrx_word' id='word_1_188' title='bbox 677 2252 978 2299; x_wconf 81' lang='lat' dir='ltr'>saecularibus</span> <span class='ocrx_word' id='word_1_189' title='bbox 1013 2254 1289 2301; x_wconf 87' lang='lat' dir='ltr'>intendebat</span> <span class='ocrx_word' id='word_1_190' title='bbox 1318 2259 1543 2321; x_wconf 80' lang='lat' dir='ltr'>negotiis,</span> 
     </span>
     <span class='ocr_line' id='line_1_27' title="bbox 134 2330 1548 2396; baseline 0.004 -19"><span class='ocrx_word' id='word_1_191' title='bbox 134 2342 187 2376; x_wconf 88' lang='lat' dir='ltr'>ut</span> <span class='ocrx_word' id='word_1_192' title='bbox 208 2347 451 2395; x_wconf 84' lang='lat' dir='ltr'>nunquam</span> <span class='ocrx_word' id='word_1_193' title='bbox 472 2330 704 2376; x_wconf 87' lang='lat' dir='ltr'>relaxaret</span> <span class='ocrx_word' id='word_1_194' title='bbox 726 2331 937 2376; x_wconf 80' lang='lat' dir='ltr'>animum</span> <span class='ocrx_word' id='word_1_195' title='bbox 954 2330 1014 2377; x_wconf 87' lang='lat' dir='ltr'>ab</span> <span class='ocrx_word' id='word_1_196' title='bbox 1035 2345 1223 2396; x_wconf 84' lang='lat' dir='ltr'>aspectu</span> <span class='ocrx_word' id='word_1_197' title='bbox 1250 2335 1451 2382; x_wconf 78' lang='lat' dir='ltr'>internae</span> <span class='ocrx_word' id='word_1_198' title='bbox 1475 2336 1548 2382; x_wconf 89' lang='lat' dir='ltr'>di-</span> 
     </span>
     <span class='ocr_line' id='line_1_28' title="bbox 135 2408 413 2456; baseline -0.004 -2"><span class='ocrx_word' id='word_1_199' title='bbox 135 2408 365 2456; x_wconf 87' lang='lat' dir='ltr'>lectionis.</span> <span class='ocrx_word' id='word_1_200' title='bbox 389 2428 413 2453; x_wconf 90' lang='lat'>»</span> 
     </span>
    </p>
   </div>
   <div class='ocr_carea' id='block_1_3' title="bbox 1362 2508 1492 2513">
    <p class='ocr_par' dir='ltr' id='par_1_3' title="bbox 1362 2508 1492 2513">
     <span class='ocr_line' id='line_1_29' title="bbox 1362 2508 1492 2513; baseline 0 0"><span class='ocrx_word' id='word_1_201' title='bbox 1362 2508 1492 2513; x_wconf 95' lang='lat' dir='ltr'> </span> 
     </span>
    </p>
   </div>
   <div class='ocr_carea' id='block_1_4' title="bbox 137 2540 1548 2886">
    <p class='ocr_par' dir='ltr' id='par_1_4' title="bbox 137 2540 1548 2826">
     <span class='ocr_line' id='line_1_30' title="bbox 180 2540 1548 2588; baseline 0.004 -13"><span class='ocrx_word' id='word_1_202' title='bbox 180 2541 231 2586; x_wconf 85' lang='lat'>(1)</span> <span class='ocrx_word' id='word_1_203' title='bbox 262 2541 360 2575; x_wconf 86' lang='lat' dir='ltr'>C&#39;est</span> <span class='ocrx_word' id='word_1_204' title='bbox 383 2552 454 2573; x_wconf 81' lang='lat' dir='ltr'>unc</span> <span class='ocrx_word' id='word_1_205' title='bbox 484 2540 731 2574; x_wconf 84' lang='lat' dir='ltr'>circonstance</span> <span class='ocrx_word' id='word_1_206' title='bbox 766 2540 1019 2587; x_wconf 80' lang='lat' dir='ltr'>reniarquable</span> <span class='ocrx_word' id='word_1_207' title='bbox 1053 2553 1124 2588; x_wconf 86' lang='lat' dir='ltr'>que</span> <span class='ocrx_word' id='word_1_208' title='bbox 1155 2541 1254 2577; x_wconf 76' lang='lat' dir='ltr'>l&#39;etat</span> <span class='ocrx_word' id='word_1_209' title='bbox 1284 2543 1467 2579; x_wconf 70' lang='lat' dir='ltr'>stoi-issam,</span> <span class='ocrx_word' id='word_1_210' title='bbox 1503 2546 1548 2581; x_wconf 82' lang='lat' dir='ltr'>dc</span> 
     </span>
     <span class='ocr_line' id='line_1_31' title="bbox 137 2599 1548 2653; baseline 0.005 -20"><span class='ocrx_word' id='word_1_211' title='bbox 137 2599 270 2647; x_wconf 75' lang='lat' dir='ltr'>l&#39;eglise</span> <span class='ocrx_word' id='word_1_212' title='bbox 298 2599 343 2634; x_wconf 91' lang='lat' dir='ltr'>de</span> <span class='ocrx_word' id='word_1_213' title='bbox 371 2599 514 2646; x_wconf 76' lang='lat' dir='ltr'>Bayeux</span> <span class='ocrx_word' id='word_1_214' title='bbox 533 2599 694 2646; x_wconf 81' lang='lat' dir='ltr'>pendant</span> <span class='ocrx_word' id='word_1_215' title='bbox 711 2599 743 2633; x_wconf 87' lang='lat' dir='ltr'>la</span> <span class='ocrx_word' id='word_1_216' title='bbox 762 2600 943 2645; x_wconf 65' lang='lat' dir='ltr'>premiere</span> <span class='ocrx_word' id='word_1_217' title='bbox 962 2601 1089 2635; x_wconf 69' lang='lat' dir='ltr'>moitie</span> <span class='ocrx_word' id='word_1_218' title='bbox 1113 2601 1164 2635; x_wconf 87' lang='lat' dir='ltr'>(lu</span> <span class='ocrx_word' id='word_1_219' title='bbox 1192 2612 1240 2635; x_wconf 65' lang='grc' dir='ltr'>νιο</span> <span class='ocrx_word' id='word_1_220' title='bbox 1259 2603 1382 2647; x_wconf 76' lang='lat' dir='ltr'>siecle,</span> <span class='ocrx_word' id='word_1_221' title='bbox 1408 2607 1548 2653; x_wconf 73' lang='lat' dir='ltr'>epoqnc</span> 
     </span>
     <span class='ocr_line' id='line_1_32' title="bbox 137 2659 1547 2712; baseline 0.004 -19"><span class='ocrx_word' id='word_1_222' title='bbox 137 2661 184 2694; x_wconf 78' lang='grc' dir='ltr'>οὺ</span> <span class='ocrx_word' id='word_1_223' title='bbox 201 2659 267 2694; x_wconf 89' lang='lat' dir='ltr'>elle</span> <span class='ocrx_word' id='word_1_224' title='bbox 283 2659 525 2706; x_wconf 75' lang='lat' dir='ltr'>produisitles</span> <span class='ocrx_word' id='word_1_225' title='bbox 543 2659 637 2695; x_wconf 84' lang='lat' dir='ltr'>deux</span> <span class='ocrx_word' id='word_1_226' title='bbox 654 2659 832 2705; x_wconf 76' lang='lat' dir='ltr'>preiniers</span> <span class='ocrx_word' id='word_1_227' title='bbox 849 2659 949 2694; x_wconf 83' lang='lat' dir='ltr'>ehefs</span> <span class='ocrx_word' id='word_1_228' title='bbox 963 2659 1288 2697; x_wconf 68' lang='lat' dir='ltr'>d&#39;etablissements</span> <span class='ocrx_word' id='word_1_229' title='bbox 1302 2665 1547 2712; x_wconf 77' lang='lat' dir='ltr'>monastiqucs</span> 
     </span>
     <span class='ocr_line' id='line_1_33' title="bbox 139 2717 1543 2764; baseline 0.004 -13"><span class='ocrx_word' id='word_1_230' title='bbox 139 2717 252 2764; x_wconf 83' lang='lat' dir='ltr'>qu’ait</span> <span class='ocrx_word' id='word_1_231' title='bbox 268 2719 408 2753; x_wconf 82' lang='lat' dir='ltr'>soumis</span> <span class='ocrx_word' id='word_1_232' title='bbox 432 2725 536 2752; x_wconf 78' lang='lat' dir='ltr'>notre</span> <span class='ocrx_word' id='word_1_233' title='bbox 559 2719 730 2764; x_wconf 80' lang='lat' dir='ltr'>province</span> <span class='ocrx_word' id='word_1_234' title='bbox 748 2734 753 2751; x_wconf 82' lang='lat' dir='ltr'>z</span> <span class='ocrx_word' id='word_1_235' title='bbox 778 2718 871 2752; x_wconf 87' lang='lat' dir='ltr'>saint</span> <span class='ocrx_word' id='word_1_236' title='bbox 888 2719 1048 2753; x_wconf 79' lang='lat' dir='ltr'>Marcoul</span> <span class='ocrx_word' id='word_1_237' title='bbox 1067 2726 1103 2753; x_wconf 77' lang='lat' dir='ltr'>ct</span> <span class='ocrx_word' id='word_1_238' title='bbox 1121 2721 1214 2755; x_wconf 86' lang='lat' dir='ltr'>saint</span> <span class='ocrx_word' id='word_1_239' title='bbox 1236 2721 1395 2756; x_wconf 75' lang='lat' dir='ltr'>Evronlt.</span> <span class='ocrx_word' id='word_1_240' title='bbox 1418 2723 1543 2757; x_wconf 66' lang='lat' dir='ltr'>Mam!-</span> 
     </span>
     <span class='ocr_line' id='line_1_34' title="bbox 139 2769 1065 2826; baseline 0.001 -15"><span class='ocrx_word' id='word_1_241' title='bbox 139 2778 197 2812; x_wconf 83' lang='lat' dir='ltr'>lon</span> <span class='ocrx_word' id='word_1_242' title='bbox 217 2778 316 2824; x_wconf 84' lang='lat' dir='ltr'>place</span> <span class='ocrx_word' id='word_1_243' title='bbox 337 2778 368 2812; x_wconf 87' lang='lat' dir='ltr'>la</span> <span class='ocrx_word' id='word_1_244' title='bbox 384 2779 566 2812; x_wconf 77' lang='lat' dir='ltr'>naissancc</span> <span class='ocrx_word' id='word_1_245' title='bbox 585 2778 629 2812; x_wconf 81' lang='lat' dir='ltr'>de</span> <span class='ocrx_word' id='word_1_246' title='bbox 646 2779 739 2812; x_wconf 78' lang='lat' dir='ltr'>saint</span> <span class='ocrx_word' id='word_1_247' title='bbox 759 2769 907 2812; x_wconf 78' lang='lat' dir='ltr'>Evroult</span> <span class='ocrx_word' id='word_1_248' title='bbox 924 2790 967 2812; x_wconf 83' lang='lat' dir='ltr'>cn</span> <span class='ocrx_word' id='word_1_249' title='bbox 985 2777 1065 2826; x_wconf 83' lang='lat'>517.</span> 
     </span>
    </p>

    <p class='ocr_par' dir='ltr' id='par_1_5' title="bbox 184 2838 905 2886">
     <span class='ocr_line' id='line_1_35' title="bbox 184 2838 905 2886; baseline 0 -15"><span class='ocrx_word' id='word_1_250' title='bbox 184 2844 234 2880; x_wconf 54' lang='grc' dir='ltr'>μὶ)</span> <span class='ocrx_word' id='word_1_251' title='bbox 256 2838 417 2886; x_wconf 62' lang='lat' dir='ltr'>Affeclu.</span> <span class='ocrx_word' id='word_1_252' title='bbox 441 2839 545 2881; x_wconf 70' lang='lat' dir='ltr'>(Mss.</span> <span class='ocrx_word' id='word_1_253' title='bbox 569 2839 671 2871; x_wconf 67' lang='lat' dir='ltr'>Beer..</span> <span class='ocrx_word' id='word_1_254' title='bbox 693 2845 727 2870; x_wconf 76' lang='lat' dir='ltr'>et</span> <span class='ocrx_word' id='word_1_255' title='bbox 749 2838 905 2878; x_wconf 39' lang='lat' dir='ltr'>Concliff</span> 
     </span>
    </p>
   </div>
  </div>
 </body>
</html>
