2033 3445
56 324 166 371 [Nov.
193 319 309 366 1095]
576 318 727 356 LIBER
757 317 936 355 NONUS.
1379 318 1455 357 465

58 415 258 452 tecosten
274 403 551 449 celebretur!
562 404 640 448 Ab
653 403 875 449 Adventu
886 403 1082 448 Domini
1094 420 1240 466 usque
1251 403 1322 449 ad
1329 414 1457 449 octa-

60 499 139 529 vas
155 479 473 545 Epiphaniae,
495 490 539 526 et
562 497 594 525 a
617 479 988 544 Septuagesz'ma
1007 496 1156 542 usque
1176 478 1247 524 ad
1264 489 1457 525 octavas

62 558 290 614 Paschae,
318 568 361 602 et
385 575 417 602 a
433 558 595 622 prima
621 556 700 603 die
726 558 1051 620 Rogatianum
1072 573 1219 618 usque
1242 557 1311 601 ad
1328 566 1459 602 octa-

58 654 139 682 vas
162 636 497 690 Pentecosten,
520 644 564 679 et
583 635 712 679 omni
728 645 929 698 tempore
951 651 984 679 a
1004 644 1177 697 quarta
1174 631 1317 696 feria
1340 637 1461 679 occi-

59 713 194 758 dente
221 712 318 757 sole
355 728 500 773 usque
532 711 601 756 acl
629 710 889 756 secundam
903 708 1094 774 seriam
1123 710 1299 756 oriente
1333 710 1457 769 sole,

61 789 199 835 trevia
213 788 309 833 Dei
317 787 640 834 custodiatur!
657 787 752 851 Qui
768 789 1043 852 episcopum
1060 789 1250 852 ceperit,
1267 789 1460 833 omnino

59 863 197 910 exlex
242 863 502 909 habeatur!
547 863 648 927 Qui
685 863 970 920 monachos,
1013 863 1091 910 vel
1122 863 1346 922 elericos,
1387 865 1465 911 vel

60 941 444 988 sanctimoniales
479 953 522 987 et
558 959 717 988 eorum
743 943 936 988 comites
965 944 1164 1007 ceperit,
1197 942 1278 987 vel
1305 960 1461 1006 expo-

62 1018 264 1075 liaverit,
286 1018 548 1064 anatliema
575 1020 661 1064 sit!
691 1019 793 1082 Qui
812 1020 1140 1083 episcoporum
1166 1020 1462 1066 morientium

64 1097 183 1143 bona
199 1135 213 1154 ,
237 1097 317 1142 vel
340 1097 643 1154 clericorum,
672 1097 948 1162 diripuerit,
977 1096 1235 1143 anathema
1253 1100 1336 1144 sit!
1365 1098 1466 1161 Qui

62 1192 207 1238 usque
241 1174 312 1220 ad
331 1177 580 1239 septimam
601 1178 949 1237 generationem
975 1177 1387 1239 consanguinitati
1415 1193 1466 1222 se

62 1251 374 1317 copulaverit,
397 1252 656 1299 anatliema
674 1254 760 1298 sit!
780 1253 939 1299 Nemo
959 1256 1007 1298 in
1027 1254 1298 1318 episcopum
1317 1253 1464 1318 eliga-

65 1339 149 1385 tur,
171 1329 268 1380 nisi
283 1339 368 1373 aut
382 1328 646 1393 presbyter,
669 1340 755 1374 aut
772 1328 1010 1375 diaeonus
1027 1329 1099 1392 (1)
1118 1364 1130 1385 ,
1158 1341 1245 1376 aut
1259 1330 1465 1377 subdia-

62 1422 228 1461 conus,
270 1417 313 1452 et
359 1408 439 1452 cui
478 1406 692 1469 dignitas
744 1407 981 1452 natalium
1016 1406 1322 1471 suffragetur,
1371 1410 1469 1455 nisi

63 1485 277 1529 maxima
295 1486 574 1531 necessitate
592 1495 635 1530 et
654 1484 850 1530 licentia
868 1485 1045 1529 summi
1054 1485 1297 1549 pontificis
1309 1487 1326 1530 !
1343 1486 1469 1531 Filii

61 1559 458 1623 presbyterorum,
481 1561 560 1606 vel
578 1560 980 1617 concubinarum,
1004 1561 1074 1605 ad
1086 1561 1467 1625 presbyteratum

63 1654 155 1683 non
192 1637 531 1703 provehantur,
571 1639 667 1682 nisi
693 1638 834 1702 prius
887 1639 955 1682 acl
997 1637 1272 1701 religiosam
1313 1640 1467 1685 vitam

64 1716 352 1761 transierint!
383 1716 483 1780 Qui
501 1715 571 1761 ad
594 1715 847 1761 ecclesiam
862 1753 876 1770 ,
899 1715 977 1760 vel
993 1715 1064 1760 act
1083 1732 1269 1762 crucem
1293 1714 1467 1780 consu-

62 1794 198 1852 gerit,
228 1798 270 1839 si
292 1811 399 1839 reus
422 1805 511 1852 est,
536 1793 654 1839 alata
687 1795 969 1857 impunitate
993 1795 1106 1838 vitae
1131 1793 1207 1839 vel
1226 1793 1466 1840 membro-

66 1885 180 1925 rum,
194 1871 398 1934 justitiae
416 1869 668 1925 re(ldatur,·
684 1872 724 1915 si
745 1871 989 1924 innocens,
1010 1868 1253 1915 liberetur!
1278 1870 1465 1934 Corpus

66 1945 363 1993 Dominicum
399 1959 442 1993 et
473 1950 666 2009 sanguis
701 1947 986 1992 Dominicus
1023 1946 1304 2008 singulatim
1325 1953 1464 1994 acci—

61 2025 252 2088 piatur!
281 2025 592 2089 Unaquceque
611 2025 811 2071 ecclesia
831 2024 1045 2070 decimas
1065 2042 1178 2070 suas
1197 2024 1392 2081 babeat,
1423 2037 1466 2071 et

67 2117 156 2147 non
174 2103 222 2148 in
240 2103 438 2149 alterius
455 2103 668 2149 ecclesite
677 2103 789 2165 jus,
811 2101 1020 2164 quolibet
1035 2101 1205 2159 dante,
1229 2105 1464 2148 transeat!

67 2177 236 2225 Laicus
261 2180 472 2226 decimas
490 2197 578 2224 nec
601 2179 784 2224 vendat
793 2215 809 2234 ,
838 2195 925 2223 nec
945 2179 1168 2224 retineat!
1194 2180 1293 2225 Pro
1311 2180 1465 2245 sepul-

67 2263 84 2298 N-

87 2271 169 2300 ara
205 2268 495 2302 mortuorum
526 2267 722 2319 pactum
750 2260 957 2320 pretium
982 2274 1079 2300 non
1105 2257 1351 2317 exigatur,
1381 2267 1466 2302 aut

67 2330 214 2379 detur!
227 2334 279 2381 N
281 2334 405 2380 ullus
411 2335 687 2398 principum
702 2333 936 2379 laicorum
951 2332 1257 2397 capellanum
1274 2333 1461 2391 habeat,

67 2410 158 2455 nisi
174 2411 233 2456 ab
256 2414 473 2477 episcopo
494 2411 689 2458 clatum!
715 2410 860 2474 Quod
874 2413 914 2456 si
938 2413 987 2455 in
1006 2410 1171 2474 aliquo
1190 2411 1459 2474 offenderit,

67 2485 126 2531 ab
150 2489 373 2552 episcopo
398 2491 688 2553 corrigatur,
713 2500 759 2534 et
782 2488 904 2534 alter
922 2487 1205 2552 subrogetur
1227 2489 1298 2551 (2)
1321 2489 1330 2532 l

111 2696 356 2743 (1)G1·(}goire
376 2699 450 2733 VII
467 2699 591 2733 n’etait
608 2712 679 2746 quc
697 2699 817 2733 diacre
836 2699 959 2745 quand
981 2698 1004 2733 il
1024 2699 1079 2733 sut
1096 2698 1155 2734 clu
1175 2712 1280 2746 pape.

113 2753 161 2798 (2)
180 2754 210 2789 Il
227 2768 271 2790 ne
290 2756 365 2791 saut
384 2770 444 2804 pas
461 2759 578 2793 croire
595 2771 666 2805 que
686 2758 736 2792 les
757 2765 852 2792 actes
869 2757 919 2791 du
938 2758 1076 2793 concile
1098 2758 1143 2793 (le
1163 2759 1353 2794 Clermonl,
1373 2758 1471 2792 aient,

73 2813 128 2846 ‹¹2oe
140 2812 270 2849 borne's
288 2817 305 2849 Ξι
324 2828 362 2850 cc
381 2818 470 2862 perit
486 2817 636 2852 nombre
650 2817 694 2852 de
713 2829 863 2861 canons;
880 2817 902 2851 il
919 2817 1034 2863 paruit
1047 2818 1151 2863 qu'ils
1173 2818 1306 2852 etaient
1327 2829 1370 2851 au
1385 2829 1467 2850 con-

172 2889 242 2917 111.
1216 2879 1274 2922 50
