<?xml version="1.0" encoding="UTF-8"?>
<!DOCTYPE html PUBLIC "-//W3C//DTD XHTML 1.0 Transitional//EN"
    "http://www.w3.org/TR/xhtml1/DTD/xhtml1-transitional.dtd">
<html xmlns="http://www.w3.org/1999/xhtml" xml:lang="en" lang="en">
 <head>
  <title>
</title>
<meta http-equiv="Content-Type" content="text/html;charset=utf-8" />
  <meta name='ocr-system' content='tesseract 3.04.00' />
  <meta name='ocr-capabilities' content='ocr_page ocr_carea ocr_par ocr_line ocrx_word'/>
</head>
<body>
  <div class='ocr_page' id='page_1' title='image "./ordericivitalish03ordeuoft/ordericivitalish03ordeuoft_0649.png"; bbox 0 0 2033 3445; ppageno 0'>
   <div class='ocr_carea' id='block_1_1' title="bbox 42 282 1459 330">
    <p class='ocr_par' dir='ltr' id='par_1_1' title="bbox 42 282 1459 330">
     <span class='ocr_line' id='line_1_1' title="bbox 42 282 1459 330; baseline 0.005 -13"><span class='ocrx_word' id='word_1_1' title='bbox 42 284 270 330; x_wconf 74' lang='lat' dir='ltr'>[FEBRUAMO</span> <span class='ocrx_word' id='word_1_2' title='bbox 296 283 415 330; x_wconf 83' lang='lat'>1098]</span> <span class='ocrx_word' id='word_1_3' title='bbox 571 282 724 320; x_wconf 86' lang='lat' dir='ltr'>LIBER</span> <span class='ocrx_word' id='word_1_4' title='bbox 754 282 934 320; x_wconf 88' lang='lat' dir='ltr'><strong>NONUS.</strong></span> <span class='ocrx_word' id='word_1_5' title='bbox 1380 289 1459 325; x_wconf 58' lang='lat'>5⁸25</span> 
     </span>
    </p>
   </div>
   <div class='ocr_carea' id='block_1_2' title="bbox 39 365 1475 2285">
    <p class='ocr_par' dir='ltr' id='par_1_2' title="bbox 39 365 1465 972">
     <span class='ocr_line' id='line_1_2' title="bbox 39 365 1460 436; baseline 0.004 -23"><span class='ocrx_word' id='word_1_6' title='bbox 39 366 168 413; x_wconf 89' lang='lat' dir='ltr'>ducis</span> <span class='ocrx_word' id='word_1_7' title='bbox 198 365 348 411; x_wconf 83' lang='lat' dir='ltr'>filium</span> <span class='ocrx_word' id='word_1_8' title='bbox 365 401 378 422; x_wconf 93' lang='lat'>,</span> <span class='ocrx_word' id='word_1_9' title='bbox 408 367 756 432; x_wconf 79' lang='lat' dir='ltr'>praeclarosque</span> <span class='ocrx_word' id='word_1_10' title='bbox 787 368 1082 414; x_wconf 84' lang='lat' dir='ltr'>Francorum</span> <span class='ocrx_word' id='word_1_11' title='bbox 1106 388 1351 433; x_wconf 82' lang='lat' dir='ltr'><strong>proceres,</strong></span> <span class='ocrx_word' id='word_1_12' title='bbox 1378 373 1460 436; x_wconf 85' lang='lat' dir='ltr'>qui</span> 
     </span>
     <span class='ocr_line' id='line_1_3' title="bbox 42 443 1461 513; baseline 0.004 -23"><span class='ocrx_word' id='word_1_13' title='bbox 42 461 148 490; x_wconf 90' lang='lat' dir='ltr'>cum</span> <span class='ocrx_word' id='word_1_14' title='bbox 189 444 350 489; x_wconf 87' lang='lat' dir='ltr'>multis</span> <span class='ocrx_word' id='word_1_15' title='bbox 387 443 624 491; x_wconf 79' lang='lat' dir='ltr'>sodalibus</span> <span class='ocrx_word' id='word_1_16' title='bbox 658 444 995 509; x_wconf 81' lang='lat' dir='ltr'><strong>sequebantur,</strong></span> <span class='ocrx_word' id='word_1_17' title='bbox 1029 445 1107 492; x_wconf 89' lang='lat' dir='ltr'>sed</span> <span class='ocrx_word' id='word_1_18' title='bbox 1153 447 1212 493; x_wconf 84' lang='lat' dir='ltr'>ab</span> <span class='ocrx_word' id='word_1_19' title='bbox 1249 448 1461 513; x_wconf 84' lang='lat' dir='ltr'>Augusto</span> 
     </span>
     <span class='ocr_line' id='line_1_4' title="bbox 43 520 1463 583; baseline 0.006 -19"><span class='ocrx_word' id='word_1_20' title='bbox 43 520 457 583; x_wconf 73' lang='lat' dir='ltr'>Constantinopoli</span> <span class='ocrx_word' id='word_1_21' title='bbox 510 520 774 568; x_wconf 87' lang='lat' dir='ltr'>honorifice</span> <span class='ocrx_word' id='word_1_22' title='bbox 816 521 1170 579; x_wconf 79' lang='lat' dir='ltr'>detinebantur,</span> <span class='ocrx_word' id='word_1_23' title='bbox 1213 535 1265 570; x_wconf 91' lang='lat' dir='ltr'>ut</span> <span class='ocrx_word' id='word_1_24' title='bbox 1311 527 1463 572; x_wconf 84' lang='lat' dir='ltr'>socios</span> 
     </span>
     <span class='ocr_line' id='line_1_5' title="bbox 43 597 1462 663; baseline 0.004 -20"><span class='ocrx_word' id='word_1_25' title='bbox 43 597 171 644; x_wconf 90' lang='lat' dir='ltr'>adire</span> <span class='ocrx_word' id='word_1_26' title='bbox 188 598 464 644; x_wconf 74' lang='lat' dir='ltr'>festinarent</span> <span class='ocrx_word' id='word_1_27' title='bbox 485 600 674 645; x_wconf 85' lang='lat' dir='ltr'>excivit.</span> <span class='ocrx_word' id='word_1_28' title='bbox 705 598 893 645; x_wconf 85' lang='lat' dir='ltr'>Auditis</span> <span class='ocrx_word' id='word_1_29' title='bbox 914 600 1070 663; x_wconf 88' lang='lat' dir='ltr'>itaque</span> <span class='ocrx_word' id='word_1_30' title='bbox 1087 601 1225 647; x_wconf 88' lang='lat' dir='ltr'>certis</span> <span class='ocrx_word' id='word_1_31' title='bbox 1248 605 1462 649; x_wconf 87' lang='lat' dir='ltr'>rumori-</span> 
     </span>
     <span class='ocr_line' id='line_1_6' title="bbox 45 675 1464 743; baseline 0.002 -22"><span class='ocrx_word' id='word_1_32' title='bbox 45 675 155 732; x_wconf 88' lang='lat' dir='ltr'>bus,</span> <span class='ocrx_word' id='word_1_33' title='bbox 200 676 460 739; x_wconf 85' lang='lat' dir='ltr'>imperator</span> <span class='ocrx_word' id='word_1_34' title='bbox 500 676 744 741; x_wconf 85' lang='lat' dir='ltr'>ingentem</span> <span class='ocrx_word' id='word_1_35' title='bbox 779 677 1040 723; x_wconf 86' lang='lat' dir='ltr'>exercitum</span> <span class='ocrx_word' id='word_1_36' title='bbox 1075 680 1375 743; x_wconf 77' lang='lat' dir='ltr'>aggregavit,</span> <span class='ocrx_word' id='word_1_37' title='bbox 1419 691 1464 725; x_wconf 88' lang='lat' dir='ltr'>et</span> 
     </span>
     <span class='ocr_line' id='line_1_7' title="bbox 45 753 1462 816; baseline 0.001 -18"><span class='ocrx_word' id='word_1_38' title='bbox 45 769 152 798; x_wconf 91' lang='lat' dir='ltr'>cum</span> <span class='ocrx_word' id='word_1_39' title='bbox 174 753 336 798; x_wconf 87' lang='lat' dir='ltr'>multis</span> <span class='ocrx_word' id='word_1_40' title='bbox 355 753 518 816; x_wconf 82' lang='lat' dir='ltr'>copiis,</span> <span class='ocrx_word' id='word_1_41' title='bbox 543 764 595 799; x_wconf 89' lang='lat' dir='ltr'>ut</span> <span class='ocrx_word' id='word_1_42' title='bbox 608 753 900 799; x_wconf 83' lang='lat' dir='ltr'>Christicolis</span> <span class='ocrx_word' id='word_1_43' title='bbox 919 753 1211 811; x_wconf 85' lang='lat' dir='ltr'>subveniret,</span> <span class='ocrx_word' id='word_1_44' title='bbox 1230 756 1320 801; x_wconf 79' lang='lat' dir='ltr'>iter</span> <span class='ocrx_word' id='word_1_45' title='bbox 1339 756 1462 801; x_wconf 88' lang='lat' dir='ltr'>iniit.</span> 
     </span>
     <span class='ocr_line' id='line_1_8' title="bbox 45 829 1465 894; baseline 0.003 -19"><span class='ocrx_word' id='word_1_46' title='bbox 45 829 133 876; x_wconf 89' lang='lat' dir='ltr'>Sed</span> <span class='ocrx_word' id='word_1_47' title='bbox 155 830 331 893; x_wconf 82' lang='lat' dir='ltr'>pravis,</span> <span class='ocrx_word' id='word_1_48' title='bbox 355 842 407 876; x_wconf 91' lang='lat' dir='ltr'>ut</span> <span class='ocrx_word' id='word_1_49' title='bbox 427 831 472 877; x_wconf 88' lang='lat' dir='ltr'>in</span> <span class='ocrx_word' id='word_1_50' title='bbox 492 832 692 894; x_wconf 86' lang='lat' dir='ltr'>posteris</span> <span class='ocrx_word' id='word_1_51' title='bbox 712 829 943 891; x_wconf 82' lang='lat' dir='ltr'>dicemus,</span> <span class='ocrx_word' id='word_1_52' title='bbox 967 832 1173 880; x_wconf 88' lang='lat' dir='ltr'>consiliis</span> <span class='ocrx_word' id='word_1_53' title='bbox 1192 833 1372 880; x_wconf 88' lang='lat' dir='ltr'>bonum</span> <span class='ocrx_word' id='word_1_54' title='bbox 1395 834 1465 879; x_wconf 90' lang='lat' dir='ltr'>in—</span> 
     </span>
     <span class='ocr_line' id='line_1_9' title="bbox 43 909 602 972; baseline 0 -20"><span class='ocrx_word' id='word_1_55' title='bbox 43 917 256 971; x_wconf 83' lang='lat' dir='ltr'>coeptum</span> <span class='ocrx_word' id='word_1_56' title='bbox 282 925 377 954; x_wconf 87' lang='lat' dir='ltr'>non</span> <span class='ocrx_word' id='word_1_57' title='bbox 402 909 602 972; x_wconf 81' lang='lat' dir='ltr'>peregit.</span> 
     </span>
    </p>

    <p class='ocr_par' dir='ltr' id='par_1_3' title="bbox 41 984 1475 2285">
     <span class='ocr_line' id='line_1_10' title="bbox 107 984 1465 1049; baseline 0.003 -19"><span class='ocrx_word' id='word_1_58' title='bbox 107 984 232 1030; x_wconf 88' lang='lat' dir='ltr'>Gens</span> <span class='ocrx_word' id='word_1_59' title='bbox 268 985 462 1031; x_wconf 86' lang='lat' dir='ltr'>interim</span> <span class='ocrx_word' id='word_1_60' title='bbox 487 997 741 1049; x_wconf 83' lang='lat' dir='ltr'>pauperata</span> <span class='ocrx_word' id='word_1_61' title='bbox 771 987 937 1033; x_wconf 70' lang='lat' dir='ltr'>furtim</span> <span class='ocrx_word' id='word_1_62' title='bbox 969 986 1264 1045; x_wconf 84' lang='lat' dir='ltr'>discedebat,</span> <span class='ocrx_word' id='word_1_63' title='bbox 1291 987 1465 1034; x_wconf 89' lang='lat' dir='ltr'>vadens</span> 
     </span>
     <span class='ocr_line' id='line_1_11' title="bbox 42 1063 1465 1128; baseline 0.001 -19"><span class='ocrx_word' id='word_1_64' title='bbox 42 1080 138 1128; x_wconf 91' lang='lat' dir='ltr'>quo</span> <span class='ocrx_word' id='word_1_65' title='bbox 161 1079 207 1110; x_wconf 88' lang='lat' dir='ltr'>se</span> <span class='ocrx_word' id='word_1_66' title='bbox 231 1063 390 1110; x_wconf 88' lang='lat' dir='ltr'>vivere</span> <span class='ocrx_word' id='word_1_67' title='bbox 417 1064 631 1127; x_wconf 84' lang='lat' dir='ltr'>putabat.</span> <span class='ocrx_word' id='word_1_68' title='bbox 657 1064 731 1110; x_wconf 89' lang='lat' dir='ltr'>Ad</span> <span class='ocrx_word' id='word_1_69' title='bbox 755 1081 885 1111; x_wconf 89' lang='lat' dir='ltr'>mare</span> <span class='ocrx_word' id='word_1_70' title='bbox 916 1065 1074 1111; x_wconf 89' lang='lat' dir='ltr'>nullus</span> <span class='ocrx_word' id='word_1_71' title='bbox 1097 1065 1299 1111; x_wconf 86' lang='lat' dir='ltr'>audebat</span> <span class='ocrx_word' id='word_1_72' title='bbox 1329 1082 1465 1112; x_wconf 90' lang='lat' dir='ltr'>acce-</span> 
     </span>
     <span class='ocr_line' id='line_1_12' title="bbox 41 1138 1468 1204; baseline 0.001 -18"><span class='ocrx_word' id='word_1_73' title='bbox 41 1138 177 1197; x_wconf 89' lang='lat' dir='ltr'>dere,</span> <span class='ocrx_word' id='word_1_74' title='bbox 198 1141 424 1204; x_wconf 86' lang='lat' dir='ltr'>quoniam</span> <span class='ocrx_word' id='word_1_75' title='bbox 445 1141 534 1187; x_wconf 83' lang='lat' dir='ltr'>viae</span> <span class='ocrx_word' id='word_1_76' title='bbox 563 1152 609 1187; x_wconf 86' lang='lat' dir='ltr'>et</span> <span class='ocrx_word' id='word_1_77' title='bbox 640 1141 740 1187; x_wconf 87' lang='lat' dir='ltr'>avia</span> <span class='ocrx_word' id='word_1_78' title='bbox 765 1141 1095 1188; x_wconf 83' lang='lat' dir='ltr'>servabantur.</span> <span class='ocrx_word' id='word_1_79' title='bbox 1132 1143 1257 1189; x_wconf 89' lang='lat' dir='ltr'>Ecce</span> <span class='ocrx_word' id='word_1_80' title='bbox 1294 1143 1468 1189; x_wconf 90' lang='lat' dir='ltr'>iterum</span> 
     </span>
     <span class='ocr_line' id='line_1_13' title="bbox 42 1218 1463 1281; baseline 0.002 -19"><span class='ocrx_word' id='word_1_81' title='bbox 42 1218 162 1263; x_wconf 80' lang='lat' dir='ltr'>sama</span> <span class='ocrx_word' id='word_1_82' title='bbox 183 1233 346 1263; x_wconf 89' lang='lat' dir='ltr'>recens</span> <span class='ocrx_word' id='word_1_83' title='bbox 365 1218 665 1281; x_wconf 85' lang='lat' dir='ltr'>percrebruit</span> <span class='ocrx_word' id='word_1_84' title='bbox 684 1219 864 1265; x_wconf 88' lang='lat' dir='ltr'>Turcos</span> <span class='ocrx_word' id='word_1_85' title='bbox 891 1219 1169 1266; x_wconf 86' lang='lat' dir='ltr'>innumeros</span> <span class='ocrx_word' id='word_1_86' title='bbox 1193 1220 1463 1276; x_wconf 86' lang='lat' dir='ltr'>adventare,</span> 
     </span>
     <span class='ocr_line' id='line_1_14' title="bbox 43 1296 1462 1360; baseline 0.001 -20"><span class='ocrx_word' id='word_1_87' title='bbox 43 1305 90 1340; x_wconf 91' lang='lat' dir='ltr'>et</span> <span class='ocrx_word' id='word_1_88' title='bbox 110 1296 429 1359; x_wconf 77' lang='lat' dir='ltr'>ingruentiam</span> <span class='ocrx_word' id='word_1_89' title='bbox 454 1297 580 1343; x_wconf 88' lang='lat' dir='ltr'>necis</span> <span class='ocrx_word' id='word_1_90' title='bbox 598 1296 821 1343; x_wconf 90' lang='lat' dir='ltr'>omnibus</span> <span class='ocrx_word' id='word_1_91' title='bbox 839 1298 1085 1343; x_wconf 74' lang='lat' dir='ltr'>confestim</span> <span class='ocrx_word' id='word_1_92' title='bbox 1104 1296 1353 1344; x_wconf 87' lang='lat' dir='ltr'>imminere</span> <span class='ocrx_word' id='word_1_93' title='bbox 1374 1299 1462 1360; x_wconf 80' lang='grc' dir='ltr'>(ι).</span> 
     </span>
     <span class='ocr_line' id='line_1_15' title="bbox 48 1372 1469 1438; baseline 0.003 -22"><span class='ocrx_word' id='word_1_94' title='bbox 48 1372 142 1418; x_wconf 82' lang='lat' dir='ltr'>Tot</span> <span class='ocrx_word' id='word_1_95' title='bbox 160 1372 289 1418; x_wconf 88' lang='lat' dir='ltr'>enim</span> <span class='ocrx_word' id='word_1_96' title='bbox 311 1383 473 1430; x_wconf 85' lang='lat' dir='ltr'>erant,</span> <span class='ocrx_word' id='word_1_97' title='bbox 503 1372 632 1438; x_wconf 89' lang='lat' dir='ltr'>quod</span> <span class='ocrx_word' id='word_1_98' title='bbox 659 1374 736 1420; x_wconf 87' lang='lat' dir='ltr'>vix</span> <span class='ocrx_word' id='word_1_99' title='bbox 761 1375 1027 1421; x_wconf 88' lang='lat' dir='ltr'>multorum</span> <span class='ocrx_word' id='word_1_100' title='bbox 1051 1374 1311 1421; x_wconf 85' lang='lat' dir='ltr'>stadiorum</span> <span class='ocrx_word' id='word_1_101' title='bbox 1338 1375 1469 1420; x_wconf 85' lang='lat' dir='ltr'>suffi—</span> 
     </span>
     <span class='ocr_line' id='line_1_16' title="bbox 50 1450 1470 1517; baseline 0.002 -22"><span class='ocrx_word' id='word_1_102' title='bbox 50 1460 178 1496; x_wconf 90' lang='lat' dir='ltr'>ceret</span> <span class='ocrx_word' id='word_1_103' title='bbox 201 1450 265 1496; x_wconf 85' lang='lat' dir='ltr'>eis</span> <span class='ocrx_word' id='word_1_104' title='bbox 290 1468 666 1515; x_wconf 86' lang='lat' dir='ltr'>quaquaversum</span> <span class='ocrx_word' id='word_1_105' title='bbox 697 1463 917 1516; x_wconf 86' lang='lat' dir='ltr'>porrecta</span> <span class='ocrx_word' id='word_1_106' title='bbox 944 1453 1189 1516; x_wconf 86' lang='lat' dir='ltr'>capacitas.</span> <span class='ocrx_word' id='word_1_107' title='bbox 1221 1453 1470 1517; x_wconf 77' lang='lat' dir='ltr'>Exangues</span> 
     </span>
     <span class='ocr_line' id='line_1_17' title="bbox 51 1526 1468 1592; baseline 0.002 -20"><span class='ocrx_word' id='word_1_108' title='bbox 51 1526 308 1574; x_wconf 85' lang='lat' dir='ltr'>Christiani</span> <span class='ocrx_word' id='word_1_109' title='bbox 340 1529 606 1592; x_wconf 86' lang='lat' dir='ltr'>pallebant,</span> <span class='ocrx_word' id='word_1_110' title='bbox 643 1540 689 1576; x_wconf 89' lang='lat' dir='ltr'>et</span> <span class='ocrx_word' id='word_1_111' title='bbox 724 1531 861 1576; x_wconf 89' lang='lat' dir='ltr'>multi</span> <span class='ocrx_word' id='word_1_112' title='bbox 901 1547 1067 1576; x_wconf 91' lang='lat' dir='ltr'>eorum</span> <span class='ocrx_word' id='word_1_113' title='bbox 1106 1529 1311 1576; x_wconf 87' lang='lat' dir='ltr'>marcida</span> <span class='ocrx_word' id='word_1_114' title='bbox 1348 1530 1468 1576; x_wconf 86' lang='lat' dir='ltr'>colla</span> 
     </span>
     <span class='ocr_line' id='line_1_18' title="bbox 51 1605 1469 1671; baseline 0.001 -20"><span class='ocrx_word' id='word_1_115' title='bbox 51 1605 362 1652; x_wconf 84' lang='lat' dir='ltr'>circulabant.</span> <span class='ocrx_word' id='word_1_116' title='bbox 400 1606 633 1654; x_wconf 85' lang='lat' dir='ltr'>Nobilitas</span> <span class='ocrx_word' id='word_1_117' title='bbox 669 1618 827 1653; x_wconf 71' lang='lat' dir='ltr'>tamen</span> <span class='ocrx_word' id='word_1_118' title='bbox 858 1607 914 1654; x_wconf 89' lang='lat' dir='ltr'>de</span> <span class='ocrx_word' id='word_1_119' title='bbox 939 1607 1066 1654; x_wconf 89' lang='lat' dir='ltr'>bello</span> <span class='ocrx_word' id='word_1_120' title='bbox 1098 1607 1335 1671; x_wconf 87' lang='lat' dir='ltr'>disputare</span> <span class='ocrx_word' id='word_1_121' title='bbox 1364 1625 1469 1653; x_wconf 88' lang='lat' dir='ltr'>ausa</span> 
     </span>
     <span class='ocr_line' id='line_1_19' title="bbox 51 1683 1471 1749; baseline 0 -20"><span class='ocrx_word' id='word_1_122' title='bbox 51 1693 136 1729; x_wconf 88' lang='lat' dir='ltr'>est.</span> <span class='ocrx_word' id='word_1_123' title='bbox 165 1683 333 1731; x_wconf 89' lang='lat' dir='ltr'>Cuncti</span> <span class='ocrx_word' id='word_1_124' title='bbox 354 1684 604 1747; x_wconf 88' lang='lat' dir='ltr'>optimates</span> <span class='ocrx_word' id='word_1_125' title='bbox 628 1685 983 1741; x_wconf 71' lang='lat' dir='ltr'>confluxerant,</span> <span class='ocrx_word' id='word_1_126' title='bbox 1007 1701 1266 1749; x_wconf 87' lang='lat' dir='ltr'>omnesque</span> <span class='ocrx_word' id='word_1_127' title='bbox 1290 1701 1336 1730; x_wconf 92' lang='lat' dir='ltr'>se</span> <span class='ocrx_word' id='word_1_128' title='bbox 1356 1685 1471 1730; x_wconf 78' lang='lat' dir='ltr'>invi-</span> 
     </span>
     <span class='ocr_line' id='line_1_20' title="bbox 54 1760 1467 1825; baseline 0 -19"><span class='ocrx_word' id='word_1_129' title='bbox 54 1778 156 1807; x_wconf 91' lang='lat' dir='ltr'>cem</span> <span class='ocrx_word' id='word_1_130' title='bbox 184 1761 576 1808; x_wconf 87' lang='lat' dir='ltr'>cohortabantur.</span> <span class='ocrx_word' id='word_1_131' title='bbox 616 1761 752 1822; x_wconf 86' lang='lat' dir='ltr'>Quod</span> <span class='ocrx_word' id='word_1_132' title='bbox 779 1761 941 1809; x_wconf 76' lang='lat' dir='ltr'>videns</span> <span class='ocrx_word' id='word_1_133' title='bbox 965 1779 1101 1825; x_wconf 82' lang='lat' dir='ltr'>sagax</span> <span class='ocrx_word' id='word_1_134' title='bbox 1137 1760 1467 1818; x_wconf 88' lang='lat' dir='ltr'>Buamundus,</span> 
     </span>
     <span class='ocr_line' id='line_1_21' title="bbox 54 1838 1471 1904; baseline -0.001 -20"><span class='ocrx_word' id='word_1_135' title='bbox 54 1838 117 1884; x_wconf 89' lang='lat' dir='ltr'>eis</span> <span class='ocrx_word' id='word_1_136' title='bbox 138 1839 272 1886; x_wconf 87' lang='lat' dir='ltr'>valde</span> <span class='ocrx_word' id='word_1_137' title='bbox 297 1840 652 1904; x_wconf 80' lang='lat' dir='ltr'>congratulatus</span> <span class='ocrx_word' id='word_1_138' title='bbox 670 1850 761 1894; x_wconf 88' lang='lat' dir='ltr'>est,</span> <span class='ocrx_word' id='word_1_139' title='bbox 791 1840 1072 1903; x_wconf 84' lang='lat' dir='ltr'>prolatoque</span> <span class='ocrx_word' id='word_1_140' title='bbox 1091 1839 1288 1902; x_wconf 85' lang='lat' dir='ltr'>sapienti</span> <span class='ocrx_word' id='word_1_141' title='bbox 1310 1839 1471 1884; x_wconf 90' lang='lat' dir='ltr'>consi-</span> 
     </span>
     <span class='ocr_line' id='line_1_22' title="bbox 55 1915 1473 1973; baseline -0.001 -11"><span class='ocrx_word' id='word_1_142' title='bbox 55 1916 147 1973; x_wconf 93' lang='lat' dir='ltr'>lio,</span> <span class='ocrx_word' id='word_1_143' title='bbox 182 1934 290 1962; x_wconf 91' lang='lat' dir='ltr'>cum</span> <span class='ocrx_word' id='word_1_144' title='bbox 314 1916 638 1964; x_wconf 86' lang='lat' dir='ltr'>admonitione</span> <span class='ocrx_word' id='word_1_145' title='bbox 669 1916 863 1963; x_wconf 71' lang='lat' dir='ltr'>facunda</span> <span class='ocrx_word' id='word_1_146' title='bbox 900 1916 956 1962; x_wconf 90' lang='lat' dir='ltr'>ad</span> <span class='ocrx_word' id='word_1_147' title='bbox 982 1916 1163 1963; x_wconf 88' lang='lat' dir='ltr'>bellum</span> <span class='ocrx_word' id='word_1_148' title='bbox 1199 1915 1473 1962; x_wconf 87' lang='lat' dir='ltr'>cohortatus</span> 
     </span>
     <span class='ocr_line' id='line_1_23' title="bbox 55 1994 1471 2059; baseline 0 -20"><span class='ocrx_word' id='word_1_149' title='bbox 55 2005 140 2040; x_wconf 87' lang='lat' dir='ltr'>est.</span> <span class='ocrx_word' id='word_1_150' title='bbox 162 1994 344 2041; x_wconf 82' lang='lat' dir='ltr'>Pedites</span> <span class='ocrx_word' id='word_1_151' title='bbox 367 1996 415 2042; x_wconf 89' lang='lat' dir='ltr'>in</span> <span class='ocrx_word' id='word_1_152' title='bbox 435 1996 745 2059; x_wconf 87' lang='lat' dir='ltr'>castrisjussit</span> <span class='ocrx_word' id='word_1_153' title='bbox 765 2012 1035 2053; x_wconf 88' lang='lat' dir='ltr'>remanere,</span> <span class='ocrx_word' id='word_1_154' title='bbox 1064 2006 1109 2041; x_wconf 85' lang='lat' dir='ltr'>et</span> <span class='ocrx_word' id='word_1_155' title='bbox 1131 2005 1291 2058; x_wconf 87' lang='lat' dir='ltr'>portas</span> <span class='ocrx_word' id='word_1_156' title='bbox 1309 1994 1471 2040; x_wconf 86' lang='lat' dir='ltr'>civita-</span> 
     </span>
     <span class='ocr_line' id='line_1_24' title="bbox 57 2071 1475 2136; baseline -0.001 -20"><span class='ocrx_word' id='word_1_157' title='bbox 57 2071 115 2117; x_wconf 88' lang='lat' dir='ltr'>tis</span> <span class='ocrx_word' id='word_1_158' title='bbox 137 2071 393 2136; x_wconf 82' lang='lat' dir='ltr'>diligenter</span> <span class='ocrx_word' id='word_1_159' title='bbox 415 2072 666 2120; x_wconf 79' lang='lat' dir='ltr'>observare</span> <span class='ocrx_word' id='word_1_160' title='bbox 684 2109 694 2129; x_wconf 94' lang='lat'>,</span> <span class='ocrx_word' id='word_1_161' title='bbox 719 2089 777 2118; x_wconf 89' lang='lat' dir='ltr'>ne</span> <span class='ocrx_word' id='word_1_162' title='bbox 797 2073 1013 2119; x_wconf 86' lang='lat' dir='ltr'>reseratis</span> <span class='ocrx_word' id='word_1_163' title='bbox 1034 2071 1125 2117; x_wconf 88' lang='lat' dir='ltr'>illis</span> <span class='ocrx_word' id='word_1_164' title='bbox 1144 2071 1266 2117; x_wconf 86' lang='lat' dir='ltr'>cives</span> <span class='ocrx_word' id='word_1_165' title='bbox 1285 2080 1475 2134; x_wconf 89' lang='lat' dir='ltr'>possent</span> 
     </span>
     <span class='ocr_line' id='line_1_25' title="bbox 61 2147 1475 2197; baseline 0.001 -4"><span class='ocrx_word' id='word_1_166' title='bbox 61 2147 208 2195; x_wconf 90' lang='lat' dir='ltr'>libere</span> <span class='ocrx_word' id='word_1_167' title='bbox 231 2149 514 2197; x_wconf 88' lang='lat' dir='ltr'>discurrere.</span> <span class='ocrx_word' id='word_1_168' title='bbox 542 2150 716 2197; x_wconf 88' lang='lat' dir='ltr'>Omnes</span> <span class='ocrx_word' id='word_1_169' title='bbox 736 2150 909 2196; x_wconf 86' lang='lat' dir='ltr'>milites</span> <span class='ocrx_word' id='word_1_170' title='bbox 934 2167 1043 2197; x_wconf 88' lang='lat' dir='ltr'>cum</span> <span class='ocrx_word' id='word_1_171' title='bbox 1066 2149 1365 2196; x_wconf 85' lang='lat' dir='ltr'>invocatione</span> <span class='ocrx_word' id='word_1_172' title='bbox 1387 2165 1475 2194; x_wconf 91' lang='lat' dir='ltr'>no-</span> 
     </span>
     <span class='ocr_line' id='line_1_26' title="bbox 60 2226 1475 2285; baseline -0.001 -13"><span class='ocrx_word' id='word_1_173' title='bbox 60 2227 200 2273; x_wconf 89' lang='lat' dir='ltr'>minis</span> <span class='ocrx_word' id='word_1_174' title='bbox 245 2228 438 2275; x_wconf 89' lang='lat' dir='ltr'>Domini</span> <span class='ocrx_word' id='word_1_175' title='bbox 473 2229 583 2275; x_wconf 90' lang='lat' dir='ltr'>Jesu</span> <span class='ocrx_word' id='word_1_176' title='bbox 618 2228 814 2285; x_wconf 87' lang='lat' dir='ltr'>armati,</span> <span class='ocrx_word' id='word_1_177' title='bbox 854 2238 900 2274; x_wconf 86' lang='lat' dir='ltr'>et</span> <span class='ocrx_word' id='word_1_178' title='bbox 940 2238 1098 2273; x_wconf 85' lang='lat' dir='ltr'>sancta</span> <span class='ocrx_word' id='word_1_179' title='bbox 1138 2226 1475 2274; x_wconf 88' lang='lat' dir='ltr'>communione</span> 
     </span>
    </p>
   </div>
   <div class='ocr_carea' id='block_1_3' title="bbox 590 2357 1474 2365">
    <p class='ocr_par' dir='ltr' id='par_1_4' title="bbox 590 2357 1474 2365">
     <span class='ocr_line' id='line_1_27' title="bbox 590 2357 1474 2365; baseline 0 0"><span class='ocrx_word' id='word_1_180' title='bbox 590 2357 1474 2365; x_wconf 95' lang='lat' dir='ltr'> </span> 
     </span>
    </p>
   </div>
   <div class='ocr_carea' id='block_1_4' title="bbox 64 2433 1480 2716">
    <p class='ocr_par' dir='ltr' id='par_1_5' title="bbox 64 2433 1479 2651">
     <span class='ocr_line' id='line_1_28' title="bbox 64 2433 1474 2482; baseline -0.003 -12"><span class='ocrx_word' id='word_1_181' title='bbox 64 2435 187 2482; x_wconf 85' lang='lat' dir='ltr'>Voyez</span> <span class='ocrx_word' id='word_1_182' title='bbox 203 2436 291 2471; x_wconf 87' lang='lat' dir='ltr'>dans</span> <span class='ocrx_word' id='word_1_183' title='bbox 307 2436 340 2472; x_wconf 93' lang='lat' dir='ltr'>le</span> <span class='ocrx_word' id='word_1_184' title='bbox 354 2437 506 2471; x_wconf 74' lang='lat' dir='ltr'>Beczceil</span> <span class='ocrx_word' id='word_1_185' title='bbox 520 2436 585 2470; x_wconf 78' lang='lat' dir='ltr'>cles</span> <span class='ocrx_word' id='word_1_186' title='bbox 600 2436 808 2470; x_wconf 60' lang='lat' dir='ltr'>Hclcloriens</span> <span class='ocrx_word' id='word_1_187' title='bbox 822 2434 868 2469; x_wconf 82' lang='lat' dir='ltr'>de</span> <span class='ocrx_word' id='word_1_188' title='bbox 883 2436 1052 2477; x_wconf 76' lang='lat' dir='ltr'>France,</span> <span class='ocrx_word' id='word_1_189' title='bbox 1071 2433 1117 2468; x_wconf 87' lang='lat' dir='ltr'>de</span> <span class='ocrx_word' id='word_1_190' title='bbox 1134 2434 1327 2468; x_wconf 88' lang='lat' dir='ltr'>Duchesne</span> <span class='ocrx_word' id='word_1_191' title='bbox 1345 2433 1390 2477; x_wconf 86' lang='lat' dir='ltr'>(t.</span> <span class='ocrx_word' id='word_1_192' title='bbox 1408 2433 1474 2470; x_wconf 75' lang='lat' dir='ltr'>IV,</span> 
     </span>
     <span class='ocr_line' id='line_1_29' title="bbox 64 2490 1479 2541; baseline -0.003 -13"><span class='ocrx_word' id='word_1_193' title='bbox 64 2506 99 2540; x_wconf 91' lang='lat' dir='ltr'>p.</span> <span class='ocrx_word' id='word_1_194' title='bbox 119 2493 204 2541; x_wconf 89' lang='lat'>95),</span> <span class='ocrx_word' id='word_1_195' title='bbox 225 2507 276 2529; x_wconf 88' lang='lat' dir='ltr'>un</span> <span class='ocrx_word' id='word_1_196' title='bbox 300 2496 391 2530; x_wconf 83' lang='lat' dir='ltr'>recit</span> <span class='ocrx_word' id='word_1_197' title='bbox 410 2496 456 2530; x_wconf 88' lang='lat' dir='ltr'>de</span> <span class='ocrx_word' id='word_1_198' title='bbox 476 2507 530 2530; x_wconf 81' lang='lat' dir='ltr'>ses</span> <span class='ocrx_word' id='word_1_199' title='bbox 551 2495 716 2530; x_wconf 86' lang='lat' dir='ltr'>derniers</span> <span class='ocrx_word' id='word_1_200' title='bbox 737 2501 936 2537; x_wconf 87' lang='lat' dir='ltr'>moments,</span> <span class='ocrx_word' id='word_1_201' title='bbox 960 2494 1024 2541; x_wconf 88' lang='lat' dir='ltr'>qui</span> <span class='ocrx_word' id='word_1_202' title='bbox 1044 2494 1213 2540; x_wconf 82' lang='lat' dir='ltr'>presente</span> <span class='ocrx_word' id='word_1_203' title='bbox 1232 2505 1282 2526; x_wconf 90' lang='lat' dir='ltr'>un</span> <span class='ocrx_word' id='word_1_204' title='bbox 1301 2490 1479 2538; x_wconf 86' lang='lat' dir='ltr'>singulier</span> 
     </span>
     <span class='ocr_line' id='line_1_30' title="bbox 64 2550 1479 2600; baseline -0.004 -12"><span class='ocrx_word' id='word_1_205' title='bbox 64 2560 248 2590; x_wconf 69' lang='lat' dir='ltr'>conti-aste</span> <span class='ocrx_word' id='word_1_206' title='bbox 267 2567 350 2590; x_wconf 86' lang='lat' dir='ltr'>avec</span> <span class='ocrx_word' id='word_1_207' title='bbox 368 2555 399 2589; x_wconf 89' lang='lat' dir='ltr'>la</span> <span class='ocrx_word' id='word_1_208' title='bbox 417 2555 602 2590; x_wconf 87' lang='lat' dir='ltr'>tendrcsse</span> <span class='ocrx_word' id='word_1_209' title='bbox 620 2553 829 2589; x_wconf 79' lang='lat' dir='ltr'>frateruelle</span> <span class='ocrx_word' id='word_1_210' title='bbox 843 2553 992 2596; x_wconf 40' lang='lat' dir='ltr'>exalte&amp;</span> <span class='ocrx_word' id='word_1_211' title='bbox 1008 2565 1079 2600; x_wconf 89' lang='lat' dir='ltr'>que</span> <span class='ocrx_word' id='word_1_212' title='bbox 1098 2553 1148 2587; x_wconf 90' lang='lat' dir='ltr'>lui</span> <span class='ocrx_word' id='word_1_213' title='bbox 1167 2553 1313 2599; x_wconf 73' lang='lat' dir='ltr'>preterit</span> <span class='ocrx_word' id='word_1_214' title='bbox 1330 2551 1380 2585; x_wconf 88' lang='lat' dir='ltr'>les</span> <span class='ocrx_word' id='word_1_215' title='bbox 1403 2550 1479 2584; x_wconf 83' lang='lat' dir='ltr'>his-</span> 
     </span>
     <span class='ocr_line' id='line_1_31' title="bbox 66 2614 496 2651; baseline 0.007 -4"><span class='ocrx_word' id='word_1_216' title='bbox 66 2614 204 2649; x_wconf 84' lang='lat' dir='ltr'>toriens</span> <span class='ocrx_word' id='word_1_217' title='bbox 221 2614 284 2649; x_wconf 89' lang='lat' dir='ltr'>des</span> <span class='ocrx_word' id='word_1_218' title='bbox 302 2615 496 2651; x_wconf 80' lang='lat' dir='ltr'>croisades,</span> 
     </span>
    </p>

    <p class='ocr_par' dir='ltr' id='par_1_6' title="bbox 113 2668 1480 2716">
     <span class='ocr_line' id='line_1_32' title="bbox 113 2668 1480 2716; baseline -0.005 -9"><span class='ocrx_word' id='word_1_219' title='bbox 113 2674 164 2716; x_wconf 71' lang='grc' dir='ltr'>(ι)</span> <span class='ocrx_word' id='word_1_220' title='bbox 191 2673 286 2708; x_wconf 82' lang='lat' dir='ltr'>C⁷est</span> <span class='ocrx_word' id='word_1_221' title='bbox 311 2676 331 2708; x_wconf 71' lang='grc' dir='ltr'>ἐι</span> <span class='ocrx_word' id='word_1_222' title='bbox 353 2674 385 2708; x_wconf 86' lang='lat' dir='ltr'>la</span> <span class='ocrx_word' id='word_1_223' title='bbox 411 2675 503 2709; x_wconf 90' lang='lat' dir='ltr'>suite</span> <span class='ocrx_word' id='word_1_224' title='bbox 529 2674 574 2708; x_wconf 90' lang='lat' dir='ltr'>dc</span> <span class='ocrx_word' id='word_1_225' title='bbox 596 2686 635 2708; x_wconf 89' lang='lat' dir='ltr'>ce</span> <span class='ocrx_word' id='word_1_226' title='bbox 662 2672 806 2707; x_wconf 84' lang='lat' dir='ltr'>combat</span> <span class='ocrx_word' id='word_1_227' title='bbox 831 2672 919 2707; x_wconf 81' lang='lat' dir='ltr'>livre</span> <span class='ocrx_word' id='word_1_228' title='bbox 942 2684 1004 2707; x_wconf 84' lang='lat' dir='ltr'>sur</span> <span class='ocrx_word' id='word_1_229' title='bbox 1026 2672 1078 2707; x_wconf 85' lang='lat' dir='ltr'>les</span> <span class='ocrx_word' id='word_1_230' title='bbox 1095 2671 1207 2707; x_wconf 85' lang='lat' dir='ltr'>bords</span> <span class='ocrx_word' id='word_1_231' title='bbox 1225 2670 1273 2704; x_wconf 89' lang='lat' dir='ltr'>du</span> <span class='ocrx_word' id='word_1_232' title='bbox 1292 2670 1344 2703; x_wconf 84' lang='lat' dir='ltr'>lac</span> <span class='ocrx_word' id='word_1_233' title='bbox 1367 2668 1480 2702; x_wconf 82' lang='lat' dir='ltr'>d’An-</span> 
     </span>
    </p>
   </div>
   <div class='ocr_carea' id='block_1_5' title="bbox 70 2726 1480 2827">
    <p class='ocr_par' dir='ltr' id='par_1_7' title="bbox 70 2726 1480 2827">
     <span class='ocr_line' id='line_1_33' title="bbox 70 2726 1480 2780; baseline -0.003 -16"><span class='ocrx_word' id='word_1_234' title='bbox 70 2732 203 2775; x_wconf 74' lang='lat' dir='ltr'>tioche,</span> <span class='ocrx_word' id='word_1_235' title='bbox 223 2745 365 2768; x_wconf 88' lang='lat' dir='ltr'>comme</span> <span class='ocrx_word' id='word_1_236' title='bbox 381 2734 412 2769; x_wconf 91' lang='lat' dir='ltr'>le</span> <span class='ocrx_word' id='word_1_237' title='bbox 429 2735 483 2769; x_wconf 88' lang='lat' dir='ltr'>dit</span> <span class='ocrx_word' id='word_1_238' title='bbox 502 2742 606 2768; x_wconf 78' lang='lat' dir='ltr'>notre</span> <span class='ocrx_word' id='word_1_239' title='bbox 626 2740 768 2776; x_wconf 83' lang='lat' dir='ltr'>auteur,</span> <span class='ocrx_word' id='word_1_240' title='bbox 783 2744 854 2780; x_wconf 88' lang='lat' dir='ltr'>que</span> <span class='ocrx_word' id='word_1_241' title='bbox 871 2731 920 2768; x_wconf 83' lang='lat' dir='ltr'>les</span> <span class='ocrx_word' id='word_1_242' title='bbox 934 2732 1130 2768; x_wconf 81' lang='lat' dir='ltr'>Chretiens</span> <span class='ocrx_word' id='word_1_243' title='bbox 1149 2730 1331 2777; x_wconf 85' lang='lat' dir='ltr'>reprirent</span> <span class='ocrx_word' id='word_1_244' title='bbox 1349 2728 1381 2762; x_wconf 91' lang='lat' dir='ltr'>le</span> <span class='ocrx_word' id='word_1_245' title='bbox 1397 2726 1480 2761; x_wconf 66' lang='lat' dir='ltr'>cha-</span> 
     </span>
     <span class='ocr_line' id='line_1_34' title="bbox 70 2791 392 2827; baseline 0.009 -3"><span class='ocrx_word' id='word_1_246' title='bbox 70 2797 152 2825; x_wconf 88' lang='lat' dir='ltr'>teau</span> <span class='ocrx_word' id='word_1_247' title='bbox 171 2791 215 2826; x_wconf 87' lang='lat' dir='ltr'>de</span> <span class='ocrx_word' id='word_1_248' title='bbox 236 2793 392 2827; x_wconf 83' lang='lat' dir='ltr'>Harenc.</span> 
     </span>
    </p>
   </div>
  </div>
 </body>
</html>
