2085 3455
557 331 636 367 500
931 325 1174 364 HISTORIA
1205 324 1612 362 ECCLESIASTICA.
1724 327 1830 374 [Mino
1854 328 1974 378 1097]

554 427 713 462 autem
736 430 892 461 comes
918 414 1023 477 plus
1045 413 1145 459 aliis
1171 411 1487 466 renitebatur,
1513 411 1660 457 immo
1695 411 1980 476 irrequietus

555 493 792 557 cogitabat
820 491 1062 557 quomodo
1086 490 1143 537 de
1170 491 1457 552 imperatore
1481 489 1804 535 ulcisceretur.
1840 490 1976 536 Prae-

553 572 702 618 valuit
729 582 884 616 tamen
917 568 1184 615 communis
1208 569 1420 614 Heroum
1455 567 1710 623 sententia,
1737 578 1784 613 et
1807 566 1866 612 ab
1890 567 1976 614 hac

553 649 819 696 intentione
850 647 1120 693 animosum.
1152 646 1375 692 comitem
1407 645 1485 690 vix
1508 655 1870 691 revocaverunt.
1898 646 1976 691 Ju-

553 727 676 773 ravit
714 727 896 790 itaque3
942 722 1020 769 sed
1061 721 1117 768 ad
1157 722 1424 769 hominium
1464 739 1710 786 nunquam
1751 720 1978 768 deductus

552 815 620 851 est
655 802 910 866 (1).lllico
939 801 1083 864 igitur
1107 810 1404 862 praeceptum
1434 809 1502 844 est
1530 797 1589 844 <le
1616 798 1824 862 navigio.
1853 799 1976 845 Tan—

552 881 718 928 credus
737 879 930 925 interim
955 895 1061 925 cum
1086 878 1298 923 exercitu
1317 875 1404 921 sibi
1428 875 1679 922 commisso
1702 875 1973 923 advenerat.

551 960 758 1006 Audiens
786 960 943 1022 itaque
969 955 1097 1021 quod
1128 955 1320 1001 Alexius
1351 972 1375 999 a
1408 953 1665 1018 majoribus
1701 965 1815 1000 natu
1837 956 1977 1018 jura-

550 1047 766 1083 mentum
793 1043 1039 1097 exegerat,
1070 1049 1178 1078 cum
1212 1031 1417 1077 Ricardo
1448 1030 1505 1076 de
1538 1030 1814 1094 Principatu
1854 1032 1980 1078 inter

551 1113 758 1179 plebeios
778 1111 990 1164 delituit,
1013 1121 1059 1156 et
1076 1108 1317 1172 puppibus
1335 1108 1605 1154 acceleratis
1623 1125 1855 1171 properus
1873 1125 1979 1172 per-

551 1192 754 1239 transiit.
780 1186 1085 1236 Boamundus
1106 1198 1152 1233 et
1171 1187 1433 1233 Tolosanus
1453 1203 1609 1232 comes
1629 1197 1978 1245 remanserunt,

550 1271 701 1316 donec
725 1269 789 1314 eis
814 1266 871 1312 de
893 1276 1108 1312 mercato
1133 1263 1397 1310 satisfieret.
1431 1263 1723 1310 Godefredus
1749 1281 1863 1311 vero
1884 1264 1977 1311 dux

550 1365 657 1394 cum
699 1345 801 1392 aliis
835 1341 1163 1390 Nicomediam
1195 1341 1350 1397 venit,
1392 1339 1553 1404 ibique
1585 1359 1692 1387 cum
1729 1341 1978 1389 Tancredo

552 1425 705 1472 tribus
724 1422 888 1470 diebus
907 1422 1099 1468 mansit.
1124 1418 1304 1466 Deinde
1324 1418 1441 1476 dux,
1467 1420 1660 1483 cognito
1679 1419 1806 1484 quod
1827 1420 1975 1476 nulla,

552 1523 643 1570 qua
660 1514 731 1549 tot
748 1513 795 1549 et
821 1512 964 1547 tantae
986 1510 1149 1564 gentes
1170 1509 1361 1562 possent
1376 1497 1653 1562 procedere,
1678 1510 1860 1562 pateret
1879 1499 1950 1545 via
1965 1536 1978 1557 ‚

552 1583 697 1636 misit,
721 1581 801 1644 qui
824 1579 1016 1642 rupium
1036 1588 1083 1622 et
1102 1577 1342 1622 montium
1368 1577 1731 1639 complanarent
1756 1577 1982 1640 praecipi-

554 1661 634 1717 tia,
666 1657 917 1705 hominum
938 1655 1025 1700 tria
1047 1654 1213 1700 millia.
1232 1653 1321 1713 Qui
1343 1654 1544 1717 acceptis
1567 1653 1826 1712 securibus,
1848 1656 1980 1702 asciis

554 1748 601 1784 et
625 1734 795 1782 vidulis
821 1734 891 1796 (2)
907 1768 918 1788 ,
940 1732 1137 1795 aliisque
1157 1729 1452 1776 multimodis
1478 1731 1801 1788 ferramentis,
1828 1730 1886 1777 ad
1909 1750 1979 1778 ca-

556 1825 683 1861 recta
703 1823 749 1858 et
766 1812 965 1857 frutecta
987 1807 1249 1871 stirpanda,
1274 1807 1330 1853 ad
1348 1819 1591 1871 praerupta
1610 1810 1849 1856 montium
1865 1828 1982 1857 coae-

555 1889 768 1956 quanda,
800 1888 925 1934 viam
953 1885 1181 1933 exercitui
1206 1896 1626 1949 praeparaverunt,
1654 1886 1910 1951 positisque
1936 1889 1982 1933 in

556 1971 706 2016 altum
726 1966 894 2030 signis,
919 1982 1025 2029 qnae
1047 1963 1383 2027 subsequentes
1398 1975 1766 2028 cognoscerent,
1790 1981 1848 2010 ne
1864 1965 1987 2012 forte

561 2048 835 2102 deviarent,
864 2043 1075 2089 Nicaeam
1100 2040 1335 2104 Bithyniae
1362 2053 1612 2088 venerunt.

623 2126 729 2172 Vll.
769 2121 942 2168 Castris
977 2121 1133 2184 itaque
1168 2118 1323 2183 pridie
1350 2136 1497 2166 nonas
1530 2120 1639 2166 maii
1669 2121 1737 2184 (5)
1771 2123 1979 2179 metatis,

608 2293 658 2337 (1)
680 2290 796 2325 Notre
824 2292 956 2319 auteur
985 2283 1104 2317 aurait
1134 2281 1185 2316 du
1214 2282 1356 2327 ajouter
1376 2294 1448 2328 qne
1474 2281 1506 2316 le
1527 2288 1688 2315 serment
1711 2281 1759 2315 du
1787 2288 1907 2316 comte
1927 2282 1983 2316 fut

561 2352 664 2400 prete
679 2359 762 2383 sous
782 2346 813 2379 la
829 2342 1019 2378 condition
1037 2354 1108 2388 que
1128 2341 1346 2386 l⁷empercur
1367 2352 1403 2373 se
1423 2341 1586 2374 inettrait
1603 2342 1620 2374 a
1636 2339 1668 2373 la
1688 2340 1759 2374 tete
1773 2339 1818 2374 de
1836 2339 1868 2373 la
1886 2340 1982 2374 croi—

561 2411 657 2446 sade.
680 2409 778 2442 Tout
804 2417 844 2439 ce
869 2402 980 2450 qu'on
1006 2414 1052 2436 en
1085 2408 1149 2447 put
1181 2400 1328 2434 obtcnir
1352 2399 1397 2433 ‹h›
1421 2399 1502 2445 plus
1528 2399 1584 2433 fut
1610 2399 1641 2433 la
1668 2411 1851 2445 promesse
1870 2399 1915 2433 de
1936 2411 1980 2433 ne

565 2477 692 2519 portet·
714 2466 868 2501 atteinte
893 2463 929 2497 ni
959 2465 977 2496 a
998 2474 1033 2496 sa
1060 2461 1115 2495 vie
1134 2462 1170 2495 ni
1195 2463 1213 2495 ἐι
1237 2460 1439 2508 l’integrite
1459 2460 1503 2495 de
1521 2472 1585 2494 son
1606 2460 1803 2502 territoire,
1824 2472 1888 2506 par
1904 2460 1978 2494 lui-

561 2531 681 2566 meme
700 2528 737 2562 ni
754 2538 819 2572 par
835 2524 1008 2558 d'autres.
1027 2523 1058 2556 A
1077 2521 1108 2555 la
1128 2521 1358 2562 veritt‘3‚c.=tte
1378 2520 1565 2554 condition
1584 2532 1628 2553 nc
1646 2520 1702 2553 sut
1721 2531 1784 2566 pas
1796 2521 1978 2566 exprimec

560 2604 624 2639 par
644 2589 677 2623 le
696 2592 834 2625 comte,
854 2584 945 2617 mais
965 2582 1015 2616 les
1034 2581 1128 2615 deux
1151 2587 1330 2614 serments
1350 2580 1474 2613 fui-ent
1491 2578 1716 2613 simultanes.

604 2650 654 2694 (¹2)
675 2646 726 2681 Ce
749 2650 826 2678 mot
843 2642 976 2677 obscur
995 2647 1031 2674 et
1052 2639 1188 2674 inusite
1206 2637 1322 2685 parait
1340 2637 1503 2683 significi·
1520 2637 1565 2671 ici
1584 2649 1657 2671 une
1674 2637 1819 2683 pioche.

606 2707 655 2756 (5)
676 2707 723 2742 Le
740 2703 762 2739 6
784 2703 866 2738 mai.
890 2702 1043 2737 Suivant
1060 2699 1240 2741 Guibert,
1263 2698 1355 2732 abbe
1377 2697 1421 2732 de
1440 2697 1604 2743 Negent,
1626 2696 1677 2730 les
1696 2697 1828 2731 croises
1846 2695 1981 2730 etaient

558 2769 670 2817 partis
685 2766 730 2800 de
751 2760 965 2798 TNicomedie
984 2759 1014 2793 la
1037 2758 1217 2793 surveille.
