2033 3445
53 267 318 319 [1091-1093]
526 265 673 304 JABER
702 265 947 304 OCTAVUS.
1383 270 1459 312 413

51 353 196 400 manis
220 351 428 398 simultas
457 352 630 408 furuit,
662 362 708 396 et
735 362 933 415 uterque
966 352 1100 396 alteri
1136 369 1306 399 nocere
1339 372 1457 401 con-

50 429 225 493 cupivit
247 430 336 492 (ι).

111 507 268 553 Mense
285 505 524 552 februario
545 507 613 569 (2)
630 542 643 562 ,
671 506 913 552 Ascelinus
931 506 1187 552 Ricardum
1206 506 1262 552 de
1289 509 1454 555 Monte

48 584 174 631 Forti
204 594 250 629 et
270 583 495 628 familiam
519 583 723 647 Philippi
751 584 873 647 regis
906 582 993 629 sibi
1024 585 1210 640 aseivit,
1245 595 1292 630 et
1318 584 1457 631 Guil-

46 663 254 717 lelmum,
280 659 528 706 dominum
549 679 702 716 suum,
724 673 889 707 contra
908 678 953 706 se
968 661 1023 707 ad
1039 679 1249 725 pugnam
1265 663 1456 709 venien-

47 751 137 786 tem
160 738 377 785 audacter
400 740 605 801 excepit,
633 740 746 785 vicit
771 751 816 785 et
841 739 1230 802 comprehendit,
1259 753 1305 787 et
1327 758 1456 787 exer-

47 817 187 864 citum
217 818 338 880 ejus,
366 818 509 880 captis
535 816 816 880 quibusdam
841 817 1071 863 militibus
1089 856 1099 873 ,
1129 818 1327 882 fugavit.
1356 820 1453 866 Hac

46 894 194 958 itaque
217 894 412 940 victoria
444 895 616 950 elatus,
657 895 793 939 nimis
824 895 1073 951 intumuit,
1107 895 1451 961 dominumque

43 989 195 1027 suum,
222 982 267 1017 et
292 971 552 1035 Rogerium
574 971 630 1018 de
655 972 832 1030 Glotis,
860 972 1068 1035 aliosque
1093 990 1209 1036 quos
1235 986 1447 1036 ceperat,

42 1046 292 1095 crudeliter
318 1048 562 1094 cruciavit.
592 1047 729 1099 Nam,
755 1065 840 1110 per
865 1059 958 1094 tres
983 1065 1180 1104 menses,
1219 1050 1264 1094 in
1297 1061 1449 1096 castro

41 1123 341 1170 Brehervallo
360 1141 439 1171 eos
458 1125 506 1170 in
528 1142 716 1172 carcere
730 1126 939 1181 strinxit,
959 1137 1005 1172 et
1023 1127 1314 1184 multotiens,
1336 1127 1449 1173 dum

42 1201 178 1247 nimia
206 1200 353 1247 hiems
390 1203 599 1259 saeviret,
631 1203 675 1249 in
710 1204 819 1249 solis
853 1204 1078 1260 camisiis,
1107 1222 1225 1268 aqua
1255 1205 1449 1269 largiter

40 1276 328 1332 humectatis,
353 1279 399 1324 in
415 1280 619 1325 fenestra
636 1279 850 1326 sublimis
873 1281 991 1326 aulae
1011 1282 1175 1327 Boreae
1198 1282 1270 1327 vel
1292 1282 1447 1328 Circio

39 1355 270 1419 exposuit,
299 1355 449 1403 donec
474 1368 570 1403 tota
596 1358 734 1403 vestis
758 1359 878 1404 circa
905 1375 1076 1421 corpus
1102 1359 1373 1405 winctorum
1399 1360 1445 1405 in

39 1450 129 1480 uno
163 1434 270 1497 gelu
293 1432 506 1498 diriguit.
534 1434 744 1481 Tandem
760 1471 772 1491 ,
802 1435 1234 1496 intercurrentihus
1258 1437 1416 1483 amicis
1432 1475 1442 1493 ‚

38 1528 120 1574 pax
139 1511 263 1557 inter
281 1528 359 1558 eos
377 1513 492 1558 sacta
516 1523 599 1569 est,
623 1531 675 1559 ac
698 1514 776 1558 tali
802 1524 965 1559 tenore
983 1514 1266 1560 Guillelmus
1287 1516 1444 1579 egredi

35 1587 89 1634 de
113 1605 297 1635 carcere
321 1590 574 1652 permissus
599 1601 683 1636 est.
711 1589 884 1647 Isabel,
913 1590 1057 1636 filiam
1082 1609 1211 1637 suam
1227 1627 1238 1647 ,
1276 1592 1444 1638 Goello

36 1665 277 1729 conjugem
302 1665 456 1723 dedit,
489 1677 535 1712 et
564 1667 653 1712 tria
682 1667 810 1712 milia
839 1666 1070 1713 librarum
1103 1686 1210 1714 cum
1240 1670 1371 1733 equis
1400 1680 1446 1715 et

34 1741 194 1797 armis,
225 1742 419 1806 aliisque
450 1742 613 1788 multis
638 1742 903 1806 sumptibus
935 1745 1172 1807 erogavit,
1210 1755 1256 1790 et
1286 1763 1444 1791 arcem

33 1816 87 1864 de
107 1817 263 1866 Ibreio
287 1821 506 1883 promisit
530 1822 616 1882 (3).
643 1822 724 1866 His
749 1821 811 1866 ita
840 1822 1133 1884 compositis,
1164 1822 1444 1868 Guiilelmus

35 1894 152 1942 liber
188 1897 360 1943 extitit.
394 1896 484 1943 Sed
516 1915 607 1961 pax
639 1916 781 1963 quam
814 1898 1117 1962 pepigerant,
1154 1917 1320 1962 parum
1351 1899 1444 1945 du—

33 1977 169 2021 ravit.
699 1968 702 1976 ¹

48 2078 52 2080 ·
92 2052 315 2118 Sequenti
335 2070 463 2100 anno
483 2054 570 2116 (4),
594 2052 902 2111 Guillelmus,
928 2053 1253 2119 inquietudine
1274 2056 1444 2102 stimu-

74 2229 123 2274 (1)
143 2229 210 2264 Ces
227 2230 459 2264 evenements
477 2236 584 2276 ayant
601 2229 756 2276 precede
774 2236 809 2264 et
826 2230 954 2263 aniene
970 2229 1002 2264 le
1020 2230 1166 2264 combat
1182 2237 1284 2265 entre
1298 2232 1443 2267 Asceliu

31 2285 122 2322 Goel
142 2294 179 2322 et
201 2287 412 2323 Guillaumc
438 2288 483 2323 de
513 2287 692 2331 Breteuil‚
715 2300 787 2335 que
809 2300 900 2321 nous
926 2300 1080 2334 croyons
1106 2289 1206 2323 avoir
1232 2292 1367 2335 prouve
1391 2292 1441 2325 ci-

31 2344 150 2382 dessus
169 2349 381 2395 appartenir
404 2361 449 2382 au
477 2348 567 2383 mois
590 2347 635 2381 dc
661 2348 794 2382 sevi-ier
824 2359 929 2393 1092,
958 2347 982 2381 il
1007 2355 1059 2382 est
1087 2349 1297 2395 impossible
1322 2349 1366 2384 de
1392 2350 1442 2384 les

30 2404 148 2452 placer
168 2419 214 2442 en
235 2411 335 2455 ¹094·

73 2467 122 2511 (2)
142 2467 239 2501 Dans
259 2467 291 2502 la
311 2467 469 2503 semaiae
490 2467 538 2501 du
563 2479 606 2502 22
626 2480 670 2501 au
693 2478 738 2514 29
757 2467 890 2502 fevrier
916 2479 1015 2514 1092.

73 2523 123 2570 (3)
151 2526 272 2573 Voyez
299 2526 497 2569 ci-dessus,
528 2540 562 2574 p.
586 2526 667 2563 532.
695 2527 908 2562 Guinaume
934 2527 980 2562 de
1011 2528 1168 2562 Bre‘teuil
1200 2529 1237 2563 [it
1265 2529 1345 2575 plus
1372 2542 1442 2576 quc

29 2592 226 2630 promettre
246 2586 279 2621 le
299 2587 451 2621 chateau
472 2586 578 2621 d'Ivri
599 2589 618 2621 a
637 2586 781 2622 Ascelin
801 2586 913 2628 Goel,
937 2586 962 2620 il
985 2587 1016 2621 le
1035 2587 1085 2621 lui
1104 2587 1192 2622 livi-a
1211 2588 1294 2622 bien
1315 2589 1441 2623 reellc*

30 2649 151 2684 ment,
177 2656 318 2680 comme
342 2657 389 2680 on
414 2658 453 2679 va
481 2646 568 2680 voir.
598 2647 645 2680 Le
671 2646 790 2680 se'roce
810 2646 981 2692 seigneur
1007 2646 1052 2681 de
1081 2647 1207 2681 Breval
1236 2647 1360 2682 n’etait
1381 2660 1443 2694 pas

29 2699 73 2736 de
87 2704 266 2739 caractere
286 2707 305 2739 ὲ
324 2717 360 2740 se
379 2712 570 2741 contenter
590 2705 635 2740 de
654 2706 774 2739 vaines
796 2716 1008 2751 promesses.

74 2761 125 2807 (4)
145 2761 197 2797 En
219 2763 324 2811 1095.
