2085 3455
526 299 574 335 34
881 295 1121 334 HISTORIA
1153 294 1548 332 ECL'LESIASTICA.
1770 293 1909 341 [1080]

526 386 623 430 lans
655 383 938 446 impetravit.
967 382 1159 428 Praefata
1197 398 1363 445 nempe
1386 381 1555 427 mulier
1581 379 1789 443 Hugonis
1824 378 1906 422 Ba-

517 462 716 525 jocensis
739 460 939 524 episcopi
966 461 1034 523 (1)
1053 458 1143 505 filia
1173 459 1284 516 suit,
1312 470 1356 505 et
1382 460 1503 505 inter
1525 458 1678 504 affines
1696 472 1782 520 pro
1803 471 1909 500 mo-

521 539 632 586 dulo
657 556 738 585 suo
757 538 900 584 multa
924 537 1163 585 honestate
1182 537 1346 600 viguit.

584 614 762 662 Eodem
795 632 918 660 anno
947 615 1165 678 praesatus
1195 614 1287 660 tiro
1317 613 1585 676 aegl'otavit,
1611 611 1808 673 factique
1841 607 1909 652 sui

521 691 780 754 poenitens,
803 689 861 736 ab
885 688 1180 736 Uticensibus
1203 689 1388 735 veniam
1413 688 1573 750 petiit,
1604 702 1649 731 se
1672 696 1717 731 et
1749 684 1906 731 omnia

520 786 597 814 sua
621 769 788 815 Sancto
810 767 1008 813 Ebrulfo
1029 766 1232 813 devovit.
1260 765 1363 825 Quo
1386 764 1623 821 defuncto,
1644 773 1776 825 pater
1793 778 1910 806 moe-

520 863 627 892 rens
660 863 827 909 corpus
860 845 953 909 ejus
975 844 1164 890 Uticam
1195 842 1357 889 devehi
1390 843 1521 899 fecit,
1545 852 1589 887 et
1614 838 1909 886 medietatem

520 921 710 968 decima:
733 921 788 968 de
814 922 994 968 Ulmeio
1019 921 1117 983 (2),
1145 931 1290 966 totam
1313 919 1532 975 liberam,
1559 919 1676 964 sicut
1693 933 1794 962 eam
1815 917 1909 978 ipse

521 1009 758 1057 tenuerat,
779 999 947 1044 Sancto
971 996 1170 1043 Ebrulfo
1191 997 1431 1043 concessit.
1458 995 1613 1040 Aliam
1633 1010 1799 1057 nempe
1817 1009 1910 1038 me-

520 1073 737 1120 dietatem
756 1073 947 1120 decimae
976 1072 1032 1118 tle
1055 1089 1110 1118 eo
1135 1071 1350 1118 monachi
1377 1069 1710 1117 Columbenses
1735 1072 1803 1130 (ὃ)
1830 1069 1908 1114 tali

522 1150 743 1196 tenebant
769 1161 902 1213 pacto
919 1186 931 1206 ,
968 1161 1019 1194 ut
1049 1165 1210 1195 omnes
1243 1149 1523 1211 episcopales
1555 1146 1909 1194 consuetudines

519 1238 563 1273 et
599 1244 760 1273 omnes
785 1227 1038 1272 exactorias
1070 1226 1311 1270 servitutes
1342 1226 1665 1287 persolverent
1688 1243 1775 1289 pro
1807 1225 1905 1271 illo.

517 1305 628 1350 Haec
649 1304 803 1367 itaque
821 1303 1013 1349 donatio
1030 1303 1147 1347 sacta
1164 1312 1230 1347 est
1247 1301 1542 1348 Uticensibus
1562 1319 1688 1349 anno
1705 1303 1911 1349 incarna-

518 1381 660 1427 tionis
683 1381 942 1427 Dominicae
958 1387 1009 1424 Mo
1025 1386 1150 1435 Lxx⁰‚
1170 1389 1382 1442 tempore
1399 1378 1604 1442 Philippi
1626 1380 1745 1442 regis
1762 1379 1883 1424 Fran
1899 1405 1914 1412 -

518 1475 681 1505 corum
697 1494 710 1515 ,
739 1468 784 1504 et
803 1455 1029 1503 Goisfredi
1056 1455 1354 1501 Carnotensis
1374 1457 1578 1520 episcopi
1603 1458 1673 1520 (54)
1688 1493 1700 1514 ,
1727 1457 1913 1520 nepotis

564 1606 614 1649 (ι)
638 1605 788 1650 Hugue,
822 1604 955 1650 c'veqne
984 1603 1027 1636 de
1058 1603 1215 1648 Bayemz,
1246 1609 1340 1636 mort
1366 1614 1411 1636 au
1429 1603 1566 1638 concile
1587 1603 1631 1637 de
1658 1604 1802 1646 Reims‚
1824 1611 1911 1637 tenu

518 1676 564 1698 en
581 1664 728 1699 octobre
749 1666 851 1710 1049,
874 1663 959 1697 etait
981 1661 1033 1696 fils
1052 1662 1131 1695 aine
1149 1661 1193 1696 de
1211 1660 1346 1704 Raoul,
1368 1669 1486 1697 comte
1505 1663 1612 1698 d’Ivri
1626 1690 1634 1704 ,
1654 1663 1756 1698 oncle
1774 1663 1823 1697 du
1841 1662 1911 1697 duc

520 1724 682 1759 Richard
697 1725 746 1759 II.

564 1784 614 1827 (2)
634 1783 832 1817 Lommoie.

565 1840 616 1886 (3)
636 1843 701 1876 Les
720 1842 856 1875 moines
874 1841 917 1876 de
941 1842 1154 1885 Coulombs,
1174 1842 1308 1889 abbaye
1334 1843 1446 1876 situee
1474 1854 1535 1876 sur
1558 1841 1589 1875 la
1619 1842 1693 1875 rive
1720 1840 1837 1874 droite
1865 1840 1908 1873 de

519 1901 642 1936 l⁷Eure
655 1930 663 1944 ‚
684 1903 766 1948 pres
782 1901 1084 1948 Nogent-le-Roi.

564 1962 613 2005 (4)
632 1960 807 2004 Geoffroi,
829 1961 987 2007 premier
1004 1961 1053 1995 du
1071 1972 1167 2002 nom,
1183 1962 1316 2008 eveque
1336 1960 1380 1995 de
1400 1962 1571 1996 Chal-tres
1587 1960 1653 2006 (50
1667 1959 1788 2005 juillet
1809 1970 1913 2006 1077-

523 2019 641 2066 1089).
666 2021 714 2054 La
731 2019 813 2053 date
833 2019 1004 2066 indiquee
1023 2020 1068 2054 ici
1086 2027 1138 2054 est
1156 2020 1383 2054 visiblement
1407 2020 1557 2062 fautive,
1577 2020 1738 2067 quoique
1756 2020 1913 2053 enoncec

520 2089 564 2111 en
582 2084 700 2112 toutes
723 2078 845 2112 lettres
867 2078 955 2113 dans
980 2078 1011 2113 le
1037 2080 1235 2113 manuscrit
1259 2079 1303 2114 de
1323 2072 1606 2114 Saint-Evroult.
1631 2079 1732 2113 Nous
1758 2089 1914 2124 pensons

520 2137 625 2182 qu'au
647 2136 715 2171 lieu
737 2137 782 2170 de
805 2150 889 2184 ¹070
903 2165 912 2179 ,
933 2138 959 2172 il
975 2138 1051 2172 faut
1068 2138 1135 2172 lire
1158 2138 1254 2173 1080.
1280 2138 1380 2172 Nous
1398 2151 1504 2173 avons
1522 2138 1601 2183 de'jii
1626 2150 1672 2171 vu
1692 2137 1838 2183 figurer,
1859 2137 1910 2170 ci-

519 2195 662 2239 dessus,
678 2203 703 2230 t.
725 2197 778 2238 ll,
799 2210 832 2243 p.
854 2197 914 2240 431
929 2226 937 2240 ,
957 2210 996 2231 ce
1016 2198 1142 2244 prelat.

564 2254 634 2288 Par
652 2267 722 2289 une
740 2255 992 2290 inadvertance
1008 2256 1098 2291 dont
1114 2269 1204 2291 nous
1217 2269 1324 2291 avons
1338 2257 1443 2303 peine
1461 2259 1480 2290 ἐι
1498 2268 1587 2291 nous
1601 2255 1732 2290 rendre
1749 2262 1908 2301 compte,

521 2324 611 2345 nous
628 2324 734 2347 avons
752 2313 859 2348 voulu
878 2314 928 2349 lui
949 2315 1148 2350 substituer
1165 2315 1327 2351 Geoffroi
1347 2315 1391 2350 de
1409 2315 1529 2357 Leves,
1544 2315 1733 2349 deuxiime
1749 2313 1797 2348 du
1812 2327 1910 2355 noni,

519 2372 581 2417 qui
609 2384 653 2406 ne
679 2381 799 2407 monta
828 2374 934 2420 qu⁷en
969 2374 1053 2409 1116
1078 2387 1138 2409 sut·
1154 2374 1186 2410 le
1211 2375 1307 2422 siege
1326 2374 1505 2422 episcopal
1534 2374 1578 2408 de
1604 2375 1797 2416 Chartres3
1823 2374 1912 2407 mais

521 2442 611 2464 nous
642 2432 837 2477 persistons
865 2434 884 2466 ὲι
911 2434 1026 2468 croire
1052 2434 1140 2481 qu'il
1164 2447 1210 2469 ne
1237 2435 1383 2481 pouvait
1413 2434 1488 2468 ἐπε
1513 2445 1625 2468 neveu
1657 2433 1701 2467 de
1725 2432 1907 2472 Geoffloi,

520 2489 654 2535 cveque
685 2489 729 2524 de
758 2491 877 2533 Paris,
901 2492 964 2538 qui
983 2492 1081 2527 n'eut
1099 2505 1170 2540 que
1189 2493 1282 2528 deux
1299 2494 1412 2527 freres
1430 2500 1465 2527 et
1484 2505 1554 2527 une
1573 2504 1669 2526 soeur
1690 2507 1695 2525 :
1718 2490 1886 2525 Lambert
1901 2519 1908 2531 ‚

520 2544 688 2589 seigneur
715 2544 759 2578 de
785 2546 894 2588 Lens,
914 2553 1010 2580 mort
1039 2559 1117 2581 sans
1145 2549 1304 2589 ensants;
1326 2547 1503 2582 Eustache
1521 2548 1555 2581 ΙΙ
1583 2547 1627 2581 de
1653 2546 1853 2592 Boulogne,
1875 2553 1910 2579 et

519 2603 724 2647 Gerberge,
747 2603 878 2637 femme
899 2603 943 2638 de
964 2605 1133 2640 Frederic
1152 2608 1206 2649 1²¹,
1228 2607 1298 2641 duc
1324 2606 1368 2641 de
1386 2607 1417 2641 la
1434 2607 1534 2640 basse
1555 2605 1742 2647 Lei-raiae,
1771 2603 1861 2639 dont
1876 2604 1910 2638 la

519 2663 690 2708 posterite
708 2671 761 2697 est
777 2663 861 2697 bien
882 2675 1036 2699 connue.
1053 2665 1153 2700 Nous
1171 2680 1215 2701 ne
1237 2679 1399 2714 pouvons
1418 2679 1479 2713 pas
1498 2666 1692 2712 davantage
1708 2664 1910 2699 l’admettre

519 2733 658 2756 comme
687 2735 797 2757 neven
825 2722 868 2756 de
898 2723 1065 2758 Rainand
1098 2725 1141 2759 de
1168 2727 1373 2770 Vendome,
1402 2727 1535 2774 eii-eque
1555 2726 1598 2760 de
1624 2725 1744 2768 Paris,
1766 2724 1855 2759 dont
1876 2724 1908 2758 lc

519 2782 611 2815 frere
631 2782 786 2829 unique.
816 2782 1003 2816 Bouchard
1024 2784 1076 2821 11,
1099 2792 1247 2819 mourut
1271 2798 1349 2821 sans
1367 2785 1525 2828 ensanls7
1546 2792 1581 2819 et
1598 2784 1630 2818 la
1648 2796 1760 2827 soeur,
1791 2784 1905 2818 Eliza—
