2085 3455
500 296 577 333 {508
871 292 1115 331 HISTORIA
1148 291 1553 330 ECCLESIASTICA.
1588 296 1672 342 [ΠΟ
1689 308 1767 331 mi„
1794 297 1914 344 1009]

500 383 686 428 viarum
719 381 937 447 ignarus,
969 381 1053 427 Dei
1085 390 1204 426 nutu
1232 380 1346 427 illuc
1382 379 1593 437 advenit,
1619 392 1664 427 et
1699 381 1916 444 praefatos

501 458 722 506 homines
760 475 846 522 per
883 458 1121 505 orationes
1159 467 1206 503 et
1243 457 1490 521 religiosos
1527 475 1695 504 eorum
1734 470 1913 523 gestus,

502 536 806 583 Christicolas
842 553 937 584 esse
974 536 1198 600 cognovit
1229 555 1238 580 :
1270 537 1387 593 Isti,
1429 536 1610 600 inquit,
1654 537 1921 583 Christiani

500 626 628 662 sunt.
656 616 817 662 AVemo
845 616 994 679 igitar
1010 625 1219 661 vestrum
1240 613 1406 677 aliquo
1433 614 1577 660 modo
1603 614 1698 660 illis
1721 618 1918 661 noceat!

499 694 610 740 Non
632 696 756 739 enim
779 693 872 739 huc
894 693 1132 750 venimus,
1157 702 1209 737 nt
1227 691 1432 738 caltores
1458 691 1637 738 Christi
1657 692 1916 750 lcedamus,

499 773 588 819 secl
613 783 666 818 ut
695 789 728 818 (i
760 772 900 817 scevis
928 769 1238 815 exactoribus
1270 787 1511 816 eruamus.
1547 771 1747 816 Fratres
1775 772 1925 815 nostri

500 861 611 896 sunt
632 861 677 896 et
702 849 874 904 amici,
886 847 1067 912 fideles
1092 848 1141 891 in
1167 846 1328 892 multis
1355 847 1740 894 tribulationibus
1765 859 1814 893 ut
1837 866 1923 893 au-

501 945 606 973 ram
627 924 896 986 z'nsornace
913 923 1144 970 hactenus
1154 922 1366 988 probati.
1386 925 1521 970 Tunc
1538 924 1734 988 insignis
1749 924 1923 970 athleta

499 1003 727 1068 Ilgerium
745 1001 999 1065 Bigodum,
1020 1000 1286 1063 principem
1305 1000 1489 1046 militiae
1507 1018 1619 1058 suae,
1642 1019 1748 1048 cum
1765 1019 1815 1048 cc
1838 1003 1924 1047 mi-

500 1079 665 1127 litibus
685 1079 783 1125 illic
799 1077 1002 1133 dimisit,
1024 1093 1227 1141 eumque
1246 1076 1488 1124 custodem
1509 1078 1626 1136 loci,
1648 1095 1708 1124 ne
1727 1079 1924 1143 gentiles

501 1159 700 1205 ulterius
725 1157 837 1203 illuc
860 1156 1122 1212 intrarent,
1148 1155 1407 1201 constituit.
1432 1156 1534 1218 Ipse
1553 1172 1671 1202 vero
1691 1173 1799 1203 cum
1822 1158 1925 1203 reli-

501 1237 605 1302 quis
619 1235 778 1282 cuneis
793 1233 850 1280 ad
865 1232 1201 1298 expugnandas
1222 1234 1513 1280 munitiones
1533 1234 1644 1280 alias
1659 1235 1863 1290 accessit,
1879 1245 1925 1280 et

499 1315 665 1370 socios,
689 1330 774 1378 per
800 1311 970 1359 urbem
993 1311 1310 1358 discurrentes
1335 1322 1381 1357 et
1406 1310 1689 1376 Allophilos,
1714 1310 1925 1359 necando

502 1392 799 1450 laborantes,
829 1389 1025 1454 adjuvit.
1056 1390 1240 1435 Interea
1268 1388 1427 1436 fideles
1465 1389 1662 1446 incolae,
1701 1391 1782 1455 qui
1819 1407 1927 1435 cum

500 1472 676 1537 Ilgerio
711 1471 759 1517 in
788 1469 999 1516 Ecclesia
1035 1479 1386 1524 remanserant,
1419 1469 1641 1514 secretius
1670 1485 1778 1514 eum
1802 1468 1926 1515 allo-

502 1551 598 1598 cuti
622 1559 758 1605 sunt,
787 1559 833 1594 et
851 1547 1174 1611 patrocinium
1195 1549 1292 1608 ejus
1313 1545 1488 1592 habere
1510 1557 1775 1610 captantes,
1799 1548 1928 1593 savo-

435 1686 437 1689 .
503 1627 720 1674 rabiliter
763 1643 870 1672 eum
914 1635 960 1671 et
998 1623 1176 1671 sodales
1214 1624 1310 1688 ejus
1353 1622 1409 1669 ad
1448 1634 1606 1670 sancta
1646 1623 1886 1670 duxerunt
1913 1644 1924 1669 :

502 1707 772 1770 sepulcrum
796 1704 975 1749 scilicet
996 1703 1217 1757 Domini,
1241 1702 1425 1767 aliaque
1450 1719 1596 1758 sacra,
1621 1713 1667 1749 et
1688 1700 1924 1766 quaedam,

501 1801 608 1848 quae
640 1799 732 1846 pro
764 1782 937 1827 timore
968 1796 1264 1843 paganorum
1297 1778 1343 1824 in
1377 1777 1549 1834 abditis
1587 1779 1670 1842 ipsi
1711 1790 1756 1825 et
1789 1789 1927 1825 ante-

504 1876 707 1907 cessores
726 1875 894 1906 eorum
913 1855 995 1902 diu
1014 1856 1394 1912 occultaverant,
1422 1855 1486 1900 eis
1507 1855 1834 1901 ostenderunt.
1857 1854 1927 1900 lbi

504 1950 618 1986 tune
636 1938 854 2003 IlgeriuS‚
878 1937 1003 1982 inter
1027 1934 1210 1998 reliqua
1234 1934 1434 1998 pignora
1449 1970 1462 1991 ,
1496 1934 1543 1979 in
1564 1932 1771 1998 quodam
1795 1951 1928 1979 mar—

500 2034 668 2064 moreo
700 2014 923 2079 capitello
958 2014 1106 2060 instar
1137 2012 1327 2058 sacrarii
1362 2022 1524 2058 cavato
1561 2011 1648 2058 sub
1677 2029 1781 2067 ara,
1819 2011 1927 2075 glo-

504 2094 772 2141 musculum
816 2092 874 2138 de
920 2091 1099 2156 capillis
1138 2100 1310 2137 sanctae
1355 2090 1440 2136 Dei
1480 2090 1723 2154 genitricis
1763 2089 1927 2135 Mariae

505 2172 710 2229 invenit5
742 2170 871 2235 quod
900 2168 1024 2215 idem
1053 2167 1360 2232 postmodum
1389 2169 1437 2214 in
1462 2167 1637 2214 Gallias
1659 2166 1854 2222 detulit,
1883 2178 1929 2212 et

502 2266 588 2314 per
624 2266 752 2296 sacra
796 2248 1154 2311 episcopatuum
1191 2257 1238 2292 et
1268 2244 1609 2293 coenobiorum
1646 2245 1747 2291 loca
1789 2260 1929 2290 reve-

504 2339 668 2375 renter
689 2326 866 2374 divisit.
894 2326 1075 2372 Intacta
1099 2341 1271 2388 nempe
1295 2323 1446 2388 Virgo
1465 2334 1617 2369 mater
1643 2323 1690 2368 in
1715 2322 1928 2385 passione

503 2406 696 2463 Christi,
713 2405 797 2451 filii
812 2403 1102 2468 Domitiique
1119 2402 1207 2459 sui,
1230 2401 1364 2449 valde
1380 2401 1552 2460 doluit,
1569 2400 1774 2447 etveteri
1794 2416 1928 2446 more

504 2484 659 2548 gentis
676 2493 723 2529 et
742 2481 973 2545 temporis
1001 2481 1125 2527 illius
1149 2489 1297 2526 vestes
1322 2478 1482 2536 scidit,
1509 2479 1662 2524 crines
1686 2477 1855 2532 traxit,
1882 2487 1929 2522 et

506 2559 731 2625 lugubres
774 2557 967 2604 threnos
1007 2574 1097 2621 pro
1143 2556 1261 2602 tanti
1305 2555 1442 2602 amici
1489 2571 1602 2600 nece
1649 2564 1930 2599 veneranter

506 2637 702 2684 exolvit.
742 2634 806 2681 At
838 2635 1005 2681 vicinae
1040 2651 1147 2698 quae
1182 2632 1402 2690 aderant,
1444 2632 1675 2695 religiosae
1714 2629 1926 2677 videlicet

505 2714 749 2770 mulieres,
779 2730 884 2777 quae
904 2711 1205 2775 discipulatui
1224 2711 1388 2757 divino
1410 2708 1589 2755 dudum
1608 2707 1922 2762 adhaeserant,

503 2792 694 2839 flentem
719 2790 907 2854 superni
938 2790 1059 2852 regis
1084 2789 1376 2835 Genitricem
1414 2788 1489 2850 pie
1515 2796 1895 2833 sustentaverunt
1911 2821 1922 2840 ‚
