2033 3445
84 343 218 391 [1089]
561 340 705 378 LlBER
734 339 977 377 OCTAVUS.
1410 343 1487 380 300

82 424 353 481 monachus,
378 426 422 470 in
444 426 671 489 regimine
688 425 920 471 successit.
942 425 1028 470 Hic
1046 425 1214 470 litteris
1230 424 1483 473 admodum

80 504 166 550 suit
190 501 396 548 imbutus
411 539 421 557 ‚
449 504 674 567 eloquens
697 512 744 548 et
767 500 1024 565 jocundus,
1054 501 1251 565 ideoque
1273 503 1484 549 amabilis

80 578 314 626 omnibus.
328 580 381 625 In
391 580 636 642 juventute
650 577 707 624 de
726 578 896 624 illustri
913 577 1086 623 familia
1098 576 1414 624 monachilem
1427 579 1479 625 ad

80 654 480 701 conversationem
492 670 579 700 ven
589 654 638 709 it,
654 665 697 700 et
710 652 871 700 decem
884 654 1018 700 annis
1037 654 1083 699 in
1097 655 1386 699 monasterio
1399 671 1484 716 per

77 731 369 778 diversorum
404 731 574 795 gradus
601 732 867 778 officiorum
900 731 1144 777 humiliter
1174 731 1479 777 ministravit.

77 808 335 856 Undecimo
366 808 554 855 tandem
587 827 712 855 anno
751 808 952 855 abbatiae
983 826 1168 864 curam,
1203 808 1398 871 jubente
1438 820 1483 853 et

76 898 376 934 consecrante
409 886 612 933 Girardo
652 887 859 951 Sagiensi
898 887 1123 950 praesule,
1163 886 1364 949 suscepit
1378 922 1389 942 ‚
1438 897 1483 931 et

75 979 151 1010 xv1
171 965 304 1010 annis
330 965 454 1010 inter
473 981 618 1010 saevos
633 963 873 1010 bellorum
894 963 1107 1010 turbines
1121 974 1310 1010 strenue
1329 964 1451 1010 rexit
1468 1000 1477 1017 ‚

72 1039 247 1104 Deique
268 1041 413 1086 fretus
436 1040 634 1096 auxilio,
657 1058 745 1103 pro
770 1042 996 1104 temporis
1025 1042 1383 1104 opportunitate
1411 1057 1482 1086 res

72 1116 274 1163 ecclesiae
288 1116 542 1181 diligenter
557 1118 704 1163 auxit.
728 1117 907 1163 Deinde
928 1116 1156 1164 Rodberti
1175 1118 1481 1164 Belesmensis

71 1193 246 1238 saevitia
269 1193 409 1239 nimis
435 1194 730 1250 imminente,
761 1194 806 1239 in
829 1193 1050 1257 Angliam
1078 1194 1312 1257 confugit,
1338 1209 1480 1257 quem

70 1286 151 1316 rex
173 1270 404 1317 Henricus
437 1270 698 1317 honorifice
726 1286 883 1316 secum
907 1270 1132 1325 detinuit,
1161 1281 1208 1316 et
1230 1286 1315 1333 per
1339 1270 1480 1316 Gon-

67 1346 246 1394 dulfum
285 1349 535 1411 praesulem
575 1348 784 1394 Rolsensi
826 1347 1065 1411 episcopio
1099 1348 1326 1411 praefecit.
1366 1348 1479 1394 Inde

67 1437 172 1489 post
194 1427 374 1492 aliquot
393 1443 541 1474 annos
566 1437 835 1490 promotus,
863 1425 1120 1471 venerabili
1153 1426 1378 1473 Anselmo
1398 1444 1479 1471 ar-

67 1500 333 1566 chipraesuli
355 1504 594 1560 successit,
619 1514 665 1549 et
684 1519 854 1550 novem
882 1503 1015 1548 annis
1039 1503 1351 1549 Doroberniae
1372 1522 1478 1550 me-

66 1581 241 1644 tropoli
266 1583 472 1645 praefuit.

129 1656 270 1704 Anno
296 1659 435 1705 tertio
467 1658 707 1706 Guillelmi
742 1659 849 1704 Rufi
872 1660 994 1723 regis
1027 1660 1320 1723 Anglorum,
1347 1660 1478 1705 Lan-

65 1734 267 1793 francus,
288 1735 638 1782 Cantuariensis
656 1737 935 1800 metropolis
951 1737 1211 1800 episcopus,
1231 1737 1477 1784 defunctus

65 1822 130 1857 est
167 1813 265 1876 (ι),
292 1823 338 1859 et
372 1815 418 1859 in
450 1812 639 1860 basilica
671 1814 853 1860 Sanctae
893 1815 1165 1871 Trinitatis,
1203 1832 1344 1878 quam
1382 1815 1477 1878 ipse

64 1889 264 1936 mirifico
287 1907 430 1954 opere
454 1902 806 1946 construxerat,
836 1902 943 1937 ante
969 1891 1247 1938 crucifixum
1271 1893 1477 1956 sepultus

64 1977 146 2012 est.
174 1967 416 2015 Beccensis
439 1980 595 2014 autem
620 1969 870 2015 Anselmus
904 1987 1043 2032 supra
1081 1969 1305 2033 scriptam
1343 1987 1477 2016 com-

67 2043 282 2104 patriotae
313 2044 382 2090 sui
416 2046 698 2091 memoriam
746 2044 938 2092 heroico
990 2046 1199 2092 carmine
1245 2047 1475 2092 volumini

65 2119 431 2183 lacrymabiliter
452 2120 647 2178 indidit,
670 2122 850 2186 Deique
873 2132 989 2168 nutu
1012 2132 1118 2185 post
1144 2123 1405 2169 triennium
1428 2123 1476 2169 in

68 2195 335 2244 cathedram
349 2197 684 2255 Doroberniae,
709 2199 1012 2245 ecclesiastica
1033 2200 1263 2246 electione
1281 2218 1479 2264 promo-

70 2283 163 2331 tus,
202 2275 409 2321 ascendit
444 2277 532 2338 (a).
568 2275 748 2322 Deinde
774 2277 891 2323 infra
916 2276 1076 2323 decem
1101 2295 1272 2334 annos,
1305 2278 1476 2343 quibus

67 2352 364 2412 postmodum
383 2354 600 2417 regnavit
618 2353 897 2400 Guillelmus
918 2356 1078 2411 Rufus,
1097 2354 1320 2413 Thomas,
1343 2355 1474 2403 Ebo-

68 2429 266 2475 :sacensis
286 2430 592 2493 metropolita
612 2432 700 2493 (ὃ),
725 2432 1054 2494 coepiscopum
1070 2450 1202 2478 suum
1222 2443 1377 2480 morte
1402 2449 1476 2479 se·-

114 2657 162 2700 (ι)
181 2657 227 2691 Le
246 2658 288 2692 28
307 2660 375 2692 mai
402 2660 498 2704 ποῖ-ζμ.

113 2716 162 2758 [2)
190 2715 343 2750 Nomrne
373 2730 435 2762 par
465 2717 718 2755 acclamationi,
753 2730 832 2763 pres
863 2718 910 2751 (lu
942 2718 982 2753 lit
1012 2719 1055 2753 dc
1081 2720 1475 2755 (inillaumc-lc-lloux

72 2773 224 2815 nialade,
246 2775 276 2809 lc
296 2777 318 2809 6
337 2789 430 2810 mars
454 2775 556 2823 1095,
580 2790 677 2811 sacm-
698 2777 727 2809 tv
748 2779 768 2818 4
788 2777 980 2811 decembre
1000 2779 1153 2812 suivant

116 2831 163 2875 (5)
185 2834 361 2874 Thomas,
387 2837 544 2880 premier
569 2836 617 2870 du
642 2850 744 2878 noni,
769 2838 992 2884 arctici-sque
1018 2838 1150 2871 ‹t't'ork
1181 2839 1253 2881 [clu
1283 2839 1311 2872 lc
1339 2842 1377 2880 21,
1406 2852 1473 2873 inat
