2033 3445
536 292 689 330 LIBER
718 292 880 331 OCTAV
889 293 961 332 US.
1371 299 1449 339 437

53 377 389 442 AEgyptiorum
407 388 604 440 patrum
643 379 853 435 tramite,
890 379 977 441 qui
1009 380 1058 424 in
1096 380 1372 441 Thebaida,
1407 395 1451 430 et

54 455 232 501 Sancta
250 456 298 500 in
327 456 478 501 Terra
496 455 919 502 commorabantur
938 458 1061 503 inter
1075 457 1302 505 barbaros
1324 463 1453 507 anti-

51 549 141 596 quo
168 542 396 597 tempore,
417 534 737 580 necessariam
755 534 985 579 rationem
1012 534 1176 580 subtili
1198 538 1454 584 considera

51 611 429 656 examinatione.

112 687 288 734 Nullus
319 687 489 734 doctor
507 688 619 751 jure
644 690 772 751 cogit
786 688 966 752 fideles
998 690 1160 735 omnia
1184 693 1291 754 pati
1311 694 1456 755 pacis

52 775 275 827 tempore,
307 782 416 828 quce
440 767 596 810 sancti
620 776 850 828 martyres
875 766 1114 831 compulsi
1136 778 1246 813 sunt
1270 770 1320 813 in
1340 785 1458 833 per-

49 841 358 888 secutionibus
382 859 694 906 paganorum
725 842 951 899 tolerare,
991 847 1215 908 quoniam
1246 862 1334 892 nec
1362 847 1460 911 ipsi

49 918 217 965 eadem
240 930 351 965 ante
372 937 644 984 pressuram
673 921 923 983 impiorum
946 922 1068 967 ultro
1085 926 1300 988 perpessi
1321 935 1454 982 sunt,

48 1013 170 1059 quce,
183 999 461 1042 necessitate
465 996 769 1061 postmodum
780 1009 991 1061 cogente,
1000 1016 1091 1063 pro
1087 999 1194 1061 fide.
1206 1010 1454 1058 certantes,

45 1075 382 1119 sustinuerunt.
405 1075 518 1120 Hoc
538 1076 757 1120 nimirum
782 1075 1021 1122 Dominus
1038 1080 1185 1122 Petro
1207 1075 1459 1139 manffeste

47 1149 330 1209 declaravit,
357 1153 522 1198 dicens
545 1171 556 1197 .-
580 1151 698 1197 Cum
722 1169 837 1198 esses
855 1153 1039 1216 junior,
1065 1153 1288 1217 cingebas
1312 1165 1381 1211 te,
1411 1165 1458 1201 et

45 1227 313 1274 ambulabas
332 1228 413 1274 ubi
432 1228 637 1275 volebas.
660 1229 778 1275 Cum
799 1240 953 1276 autem
979 1231 1212 1288 senueris,
1239 1230 1457 1278 extendes

48 1323 212 1360 manus
238 1317 360 1364 tuas,
393 1318 439 1352 et
466 1307 582 1353 alius
611 1318 654 1353 te
680 1308 864 1371 cinget,
898 1319 946 1354 et
975 1307 1116 1355 ducet
1146 1326 1243 1373 quo
1275 1321 1327 1355 tu
1356 1326 1457 1357 non

49 1384 117 1430 vis
139 1384 158 1446 <
167 1385 230 1447 1).
260 1385 534 1431 Secundum
554 1396 800 1450 praecepta
832 1386 1006 1432 divincta¹
1032 1386 1178 1450 legis,
1200 1387 1463 1452 prudenter

51 1462 225 1507 intuere
258 1479 405 1526 quam
439 1462 642 1508 discrete
667 1465 716 1508 in
742 1465 826 1507 via
851 1463 947 1508 Dei
967 1462 1136 1508 deceat
1173 1474 1215 1508 te
1241 1463 1348 1509 illos
1376 1464 1457 1509 di-

50 1540 218 1602 rigere,
245 1541 326 1601 qui
344 1550 514 1603 sponte
533 1556 624 1585 sua
649 1541 854 1585 conversi
874 1556 907 1584 a
927 1539 1178 1584 mundana
1194 1545 1453 1601 pravitate,

50 1615 132 1662 sub
156 1627 237 1662 tuo
262 1619 547 1680 magistratu
571 1615 939 1662 emendatiorem
966 1618 1116 1662 vitam
1141 1617 1309 1663 volunt
1328 1619 1455 1665 arri-

47 1710 171 1756 pere.
225 1692 336 1757 Qua
374 1694 557 1739 ratione
585 1702 745 1757 potest
784 1692 1052 1758 approbari
1099 1703 1149 1738 ut
1191 1693 1329 1751 illos,
1374 1696 1461 1757 qui

52 1769 167 1814 ultro
186 1770 356 1816 volunt
377 1787 515 1815 suum
534 1786 740 1832 nequam
765 1786 864 1814 esse
884 1770 933 1814 in
957 1768 1129 1814 bonum
1152 1780 1364 1827 mutare,
1390 1770 1461 1816 ad

49 1846 251 1893 latebras
272 1847 421 1893 Pauli
439 1847 519 1893 vel
539 1834 743 1892 Antonii
760 1846 994 1891 violenter
1010 1845 1184 1891 debeas
1208 1845 1456 1908 effugare?

49 1924 125 1970 Illi
148 1928 344 1989 quippe,
359 1935 613 1989 parentum
633 1925 778 1969 etiam
798 1941 989 1969 suorum
1008 1925 1192 1980 timore,
1214 1923 1272 1969 de
1289 1934 1457 1986 pater-

51 2003 123 2049 nis
153 2002 359 2060 laribus,
396 2020 452 2048 ne
487 2001 835 2058 occiderentur,
850 1998 1052 2065 sugere.
1087 2000 1326 2047 Providus
1356 2002 1457 2046 Ar-

52 2079 232 2126 chiater
258 2092 489 2145 oegrotum
501 2078 638 2141 fovet
669 2090 928 2145 temperato
955 2078 1303 2134 medicamine,
1335 2097 1392 2125 ne
1415 2081 1460 2125 si

51 2159 186 2204 nimis
218 2161 497 2223 importunce
528 2157 861 2204 medicationis
893 2169 1042 2203 vexat
1075 2157 1312 2222 infirmum
1343 2176 1456 2204 cru-

51 2237 274 2293 ciamine,
297 2255 433 2300 quem
454 2235 723 2282 curandum
740 2246 1030 2300 susceperat,
1053 2237 1195 2282 videa
1204 2247 1279 2281 tur
1296 2237 1458 2282 extin-

47 2329 206 2376 guere.
237 2314 415 2361 ZVullus
432 2314 648 2380 prudens
674 2314 885 2360 invalido
913 2312 1054 2376 insert
1078 2331 1198 2360 onus
1224 2314 1458 2377 importa-

55 2388 169 2449 bile,
189 2409 247 2438 ne
266 2391 420 2439 lassus
437 2393 660 2457 portitor,
687 2391 766 2438 vel
788 2408 1040 2456 oppressus
1061 2392 1275 2449 sarcina,
1291 2402 1460 2456 pereat

55 2468 104 2514 in
127 2470 305 2515 itinere.

117 2545 190 2592 Sic
209 2546 363 2610 palam
378 2545 621 2594 monachis
634 2545 1026 2609 repugnantibus,
1042 2544 1163 2591 dixit
1177 2545 1319 2591 abbas
1337 2545 1462 2591 Rod-

18 2644 27 2649 ‘
54 2620 213 2669 bertus
238 2645 248 2670 ;
275 2625 611 2671 Inimitabiletn
637 2626 981 2689 AEgyptiorum
996 2635 1194 2689 patrum
1217 2625 1367 2670 vitam
1393 2624 1462 2669 ad-

102 2792 343 2836 (1).lol1asm.‚
364 2807 437 2837 xm,
466 2798 517 2829 18.
