2085 3455
548 266 625 303 504
915 263 1159 302 HISTORIA
1189 264 1595 303 ECCLESIASTICA.
1693 269 1819 315 [sumo
1842 269 1959 318 1097]

546 368 709 397 rerum
730 369 896 416 magna
918 353 1248 398 communitas.
1271 352 1492 416 Episcopi
1513 351 1724 417 quotidie
1743 351 1800 399 de
1819 356 1965 400 conti-

548 431 704 476 nentia
734 431 1193 488 sermocinabantur,
1218 448 1361 478 omne
1382 442 1592 477 scortum
1624 442 1669 477 et
1691 430 1887 477 abusum
1909 431 1964 479 de

542 508 699 555 medio
729 520 993 556 castrorum
1025 509 1444 556 abominabantur.
1477 509 1620 554 Turci
1658 509 1850 554 interim
1875 526 1962 572 pro

542 585 823 633 defensanda
846 586 967 633 urbe
983 586 1299 643 desudabant,
1323 598 1370 633 et
1383 603 1469 650 per
1490 586 1641 632 lacum
1654 623 1666 643 ,
1688 585 1963 632 Christianis

544 664 841 721 videntibus,
891 676 991 711 tute
1032 665 1167 711 ibant
1214 676 1261 711 et
1317 664 1555 711 redibant.
1605 664 1773 710 Franci
1820 663 1962 728 igitur

543 743 723 796 moesti,
753 742 958 807 qualiter
994 743 1059 788 eis
1084 744 1238 788 lacum
1265 744 1525 800 auferrent,
1552 741 1807 788 machinati
1832 751 1955 787 sunt.

542 820 739 884 Legatos
763 819 1233 882 Constantinopolim
1256 819 1560 876 direxerunt,
1587 830 1634 865 et
1656 818 1771 883 quid
1795 829 1959 865 contra

543 900 696 947 hostes
723 899 1054 964 praevidissent
1087 900 1349 964 agendum,
1384 900 1598 964 Augusto
1621 900 1823 946 solerter
1848 900 1965 944 inti—

541 989 752 1024 marunt.
781 978 896 1024 Mox
927 979 1212 1042 imperator,
1240 977 1409 1024 auditis
1435 995 1603 1024 eorum
1628 975 1960 1040 petitionibus,

541 1057 804 1120 adquievit,
830 1067 874 1103 et
904 1057 1064 1103 omnia
1089 1055 1347 1102 secundum
1373 1055 1770 1120 dispensationem
1799 1071 1965 1101 eorum

544 1135 643 1181 lieri
665 1135 912 1198 praecepit.
937 1135 1011 1181 Ex
1034 1146 1277 1199 praecepto
1301 1136 1447 1200 igitur
1467 1135 1667 1199 Augusti
1688 1133 1832 1181 boves
1845 1132 1969 1179 sesti-

548 1223 716 1259 uanter
747 1213 935 1259 adducti
962 1224 1100 1271 sunt,
1129 1224 1176 1259 et
1203 1213 1418 1260 velivolae
1445 1229 1584 1259 naves
1618 1223 1811 1276 portum
1840 1210 1965 1256 Che-

544 1302 677 1338 vetot
705 1292 1013 1355 appulerunt.
1044 1291 1303 1354 Tul-copoli
1328 1292 1469 1337 etiam
1492 1290 1747 1336 affuerunt.
1775 1287 1968 1351 Scaphae

547 1370 755 1417 carrucis
777 1371 848 1434 (ι)
868 1370 1179 1434 superpositae
1201 1381 1311 1415 sunt
1325 1406 1336 1425 ‚
1361 1380 1409 1416 et
1429 1368 1583 1416 bobus
1601 1368 1711 1415 huic
1729 1367 1860 1430 operi
1886 1366 1971 1411 mi-

548 1447 886 1505 nistrantibus,
916 1465 1062 1513 usque
1086 1447 1144 1493 ad
1169 1447 1460 1511 crepidinem
1486 1447 1612 1493 lacus
1635 1445 1872 1492 laboriose
1893 1443 1972 1490 de—

547 1525 702 1572 ductae
726 1537 853 1573 sunt.
878 1526 1030 1573 Nocte
1050 1527 1190 1572 terris
1216 1525 1547 1581 incumbente,
1577 1541 1717 1571 naves
1742 1524 1790 1569 in
1818 1523 1971 1568 lacum

550 1606 878 1669 impegerunt,
902 1621 1069 1668 easque
1093 1604 1375 1666 Turcopolis
1396 1602 1760 1648 mandaverunt.
1786 1601 1967 1663 Crepu-

548 1683 678 1729 sculo
701 1682 791 1729 diei
813 1682 1096 1740 albescente,
1126 1682 1280 1728 lacum
1302 1681 1533 1727 sulcantes
1554 1678 1788 1733 ordinate,
1813 1677 1972 1724 tende-

550 1759 666 1806 bant
684 1778 864 1824 puppes
885 1760 939 1806 ad
961 1760 1150 1806 urbem.
1173 1760 1331 1815 Cives,
1354 1758 1508 1804 lacum
1528 1756 1726 1803 navibus
1749 1766 1969 1819 opertum

550 1838 734 1884 eminus
749 1839 1045 1902 aspicientes,
1059 1835 1382 1892 mirabantur,
1400 1845 1445 1880 et
1460 1835 1495 1880 si
1508 1834 1631 1881 forte
1642 1833 1730 1880 sibi
1745 1833 1967 1879 auxilium

551 1917 750 1971 reniret,
766 1915 1142 1980 suspicabantur.
1158 1914 1219 1960 At
1233 1924 1482 1978 postquam
1497 1910 1830 1958 certitudinem
1843 1910 1900 1957 de
1910 1912 1971 1956 eis

550 2005 887 2058 perceperunt,
910 1993 1149 2056 diriguere
1170 2002 1318 2049 metu,
1342 2002 1389 2037 et
1407 2007 1640 2055 exangues
1659 1990 1767 2036 sacti
1781 2026 1794 2047 ,
1814 1988 1973 2052 despe-

551 2084 793 2120 raverunt.
817 2073 1088 2136 Repentino
1106 2089 1211 2118 casu
1232 2069 1520 2134 perturbatis
1538 2080 1713 2133 praeter
1729 2085 1860 2132 spem
1875 2084 1975 2114 om-

551 2151 624 2197 nia
651 2151 977 2214 contigerunt.
1001 2148 1121 2196 Urbi
1143 2160 1265 2195 terra
1285 2149 1482 2212 lacuque
1501 2146 1699 2194 obsessae
1720 2146 1849 2192 nulla
1871 2161 1971 2209 spes

547 2230 708 2275 salutis
734 2239 850 2275 erat.
881 2227 955 2274 Ad
981 2228 1315 2291 imperatorem
1340 2227 1485 2290 igitur
1510 2225 1687 2289 legatos
1707 2224 1966 2278 destinant,

547 2317 594 2352 et
618 2306 795 2353 obnixe
824 2306 1093 2370 supplicant
1118 2316 1172 2351 ut
1194 2306 1287 2369 jam
1317 2304 1451 2350 victis
1474 2314 1657 2367 parcat,
1686 2301 1856 2348 urbem
1881 2301 1969 2348 de-

546 2384 693 2430 ditam
714 2385 929 2448 recipiat,
945 2400 1158 2448 eamque,
1179 2383 1313 2429 sicuti
1335 2400 1484 2440 suam,
1507 2381 1567 2428 ab
1586 2380 1799 2428 hostibus
1816 2391 1971 2443 prote-

549 2473 652 2525 gat,
680 2478 739 2508 ne
763 2478 837 2508 res
862 2479 1027 2508 eorum
1055 2461 1329 2524 alienigenis
1348 2459 1509 2524 praeda
1534 2459 1630 2505 fiat.
1654 2459 1736 2504 His
1763 2459 1967 2521 impera-

550 2550 626 2585 tor
661 2537 854 2594 auditis,
882 2538 1264 2585 Christianorum
1297 2538 1527 2602 profectui
1568 2537 1647 2600 (ut
1677 2547 1870 2583 eventus
1902 2535 1968 2580 rei

548 2627 706 2680 postea
735 2615 984 2680 probavit)
1005 2617 1189 2663 occulte
1212 2615 1425 2662 invidens
1441 2652 1452 2671 ,
1482 2615 1877 2678 obsessorumque
1898 2613 1970 2658 le-

671 2787 722 2821 Cc
740 2793 815 2820 mot
832 2798 877 2820 nc
898 2786 1039 2830 siguii'w
1061 2799 1120 2831 pas
1139 2787 1182 2821 iri
1205 2786 1267 2819 (les
1287 2786 1585 2829 chan-1105,n1ais
1604 2785 1665 2818 ‹lcs
1684 2783 1855 2818 chariots.
