2033 3445
53 279 194 328 [1097]
584 278 741 317 LIBER
769 278 949 315 NONUS.
1391 282 1473 319 517

51 364 235 422 multiS‚
281 365 328 410 in
369 366 539 412 vallem
579 364 848 412 Antiochiae
884 378 1143 423 venerunt,
1180 379 1227 413 et
1269 368 1329 413 ibi
1373 385 1473 414 rem

51 441 188 487 aliter
210 440 479 487 audierunt.
509 442 653 499 Turci
681 442 809 487 enim
844 441 1030 504 copiose
1064 443 1402 505 praeparabant
1426 460 1472 489 se

51 517 108 565 ad
129 517 461 564 defensandam
485 518 675 565 urbem.

115 598 279 642 Petrus
299 595 358 643 de
391 597 557 654 Roasa,
582 596 825 642 declinans
858 595 917 641 ab
943 595 1068 653 aliis,
1098 597 1270 643 vallem
1293 597 1350 644 de
1374 599 1476 644 Ru-

51 675 122 738 gia
153 675 224 737 (1)
261 675 505 731 introivit,
546 674 844 737 inventisque
882 674 1050 721 Turcis
1089 675 1475 739 quamplurimis,

51 752 260 815 graviter
299 768 377 797 eos
416 750 626 807 caecidit,
674 752 915 814 superavit
950 762 1090 816 atque
1134 753 1332 816 fugavit.
1382 753 1477 797 Ar-

48 828 220 885 menii,
260 828 430 874 auditis
473 828 688 875 secundis
732 828 1021 875 successibus
1065 828 1446 876 Christianorum
1464 866 1477 887 ,

48 905 375 972 frequentibus
398 923 588 971 quoque
610 906 883 953 infortuniis
903 924 1197 970 paganorum
1211 943 1224 963 ‚
1253 906 1474 953 reddide—

55 995 169 1031 runt
186 984 330 1031 Petro
354 984 528 1030 Rusam
550 985 789 1030 civitatem
805 1021 816 1040 ‚
846 996 892 1030 et
916 985 1103 1031 castella
1128 984 1359 1049 quaedam.
1380 985 1480 1030 Ma-

49 1064 127 1127 jor
148 1063 381 1108 exercitus
403 1062 592 1108 difficile
619 1062 707 1107 iter
730 1077 972 1126 aggressus
989 1072 1072 1107 est.
1101 1060 1170 1106 lbi
1192 1060 1480 1124 gradieban—

57 1151 134 1186 tur
163 1139 372 1204 rependo
402 1156 487 1203 per
515 1150 741 1185 montana
771 1139 911 1184 nimis
943 1156 1103 1202 aspera
1136 1150 1182 1185 et
1209 1139 1477 1201 scopulosa,

55 1218 134 1263 ubi
162 1218 318 1263 tristes
340 1218 457 1263 mira
484 1217 690 1280 perpessi
710 1227 820 1262 sunt
839 1216 1140 1262 detrimenta.
1169 1215 1478 1263 Collidehan-

57 1307 134 1342 tur
166 1306 212 1342 et
240 1294 691 1361 conquassabantur,
723 1294 993 1341 laborantes
1027 1305 1074 1340 et
1097 1294 1365 1341 deficientes
1394 1311 1479 1357 per

57 1373 178 1419 viam
198 1373 391 1419 inviam.
410 1371 715 1418 Labebantur
727 1372 831 1435 equi
852 1372 898 1417 in
919 1371 1122 1416 immane
1137 1370 1475 1433 praecipitium.

57 1450 214 1507 Multi,
237 1451 368 1515 equis
388 1450 459 1496 vel
479 1450 740 1496 clitellariis
765 1467 869 1495 cum
892 1449 1033 1495 rebus
1053 1448 1358 1511 superpositis
1382 1448 1479 1494 illic

56 1528 249 1585 amissis,
264 1528 508 1592 pauperati
524 1537 650 1573 sunt.
670 1529 924 1590 Postquam
941 1526 1234 1571 calamitosas
1246 1526 1480 1588 angustias

58 1607 135 1651 vix
165 1615 443 1662 evaserunt,
472 1603 529 1650 ad
555 1602 807 1668 quamdam
844 1604 1107 1658 civitatem,
1135 1620 1242 1667 quae
1283 1612 1480 1649 vocatur

58 1682 274 1729 Marafim
306 1683 405 1746 (2),
442 1682 761 1728 diverterunt.
788 1682 1027 1727 Convenae
1053 1697 1169 1727 vero
1192 1679 1480 1726 nostratibus

103 1896 153 1939 (ι)
172 1894 323 1929 Suivant
342 1894 394 1928 M.
415 1893 631 1939 Poujoulat‚
654 1892 944 1939 l’emplacement
964 1891 1008 1925 de
1033 1891 1066 1925 la
1088 1890 1171 1925 ville
1194 1896 1230 1924 et
1252 1889 1303 1924 du
1327 1890 1480 1924 chateau

58 1952 103 1987 de
122 1953 242 2000 Rugia
258 1954 366 1987 serait
381 1954 518 1998 occupe
532 1951 768 1998 aujourd'liui
787 1963 851 1997 par
867 1951 899 1985 le
916 1950 1045 1997 village
1059 1950 1104 1984 de
1121 1949 1229 1992 Riha,
1247 1948 1276 1983 la
1295 1949 1480 1983 troisieme

59 2011 157 2046 halte
181 2011 226 2045 de
248 2011 462 2046 l'itineraire
481 2011 526 2045 de
546 2011 736 2058 Lattaquie
754 2012 773 2044 a
793 2010 896 2057 Alep,

104 2073 154 2116 (2)
178 2072 352 2114 Mamsie,
380 2070 615 2116 aujourd’hui
642 2070 805 2112 Mai-asli,
831 2072 850 2103 a
873 2069 958 2102 huit
981 2080 1029 2102 ou
1054 2068 1115 2101 dix
1133 2067 1265 2102 heures
1289 2066 1334 2100 dc
1353 2066 1479 2100 Cosor.

59 2131 156 2166 C'est
173 2131 262 2166 dans
281 2143 320 2165 ce
342 2131 447 2176 trajct
465 2143 538 2178 que
558 2130 607 2164 les
625 2130 759 2164 croises
776 2135 908 2163 eurent
927 2130 945 2161 ἐι
966 2127 1128 2162 franchir
1146 2127 1196 2161 les
1214 2131 1482 2172 escarpements

61 2189 110 2224 les
128 2188 210 2236 plus
229 2188 499 2235 impraticables
516 2188 609 2222 dela
627 2188 756 2222 chaine
770 2187 821 2221 du
839 2188 996 2229 Τιιυιίιε,
1017 2186 1191 2232 auxquels
1207 2184 1249 2219 ils
1261 2183 1480 2224 defluerent,

61 2247 149 2282 dans
168 2248 266 2282 leurs
286 2248 566 2294 imprecations‚
590 2247 622 2281 le
641 2259 726 2281 nom
744 2246 789 2279 de
808 2252 1024 2291 montagnes
1041 2244 1090 2278 du
1111 2243 1242 2277 diable.
1264 2243 1389 2277 Pierre
1408 2242 1483 2275 Tu-

62 2306 203 2341 debode
230 2313 379 2341 sui-tout
404 2319 450 2341 ne
476 2306 613 2340 saurait
639 2316 734 2339 assez
757 2304 807 2339 les
833 2303 998 2338 mandire
1022 2318 1027 2336 z
1050 2303 1245 2337 Diaboliccz
1269 2307 1481 2342 montanea,

63 2373 235 2401 execrata
256 2373 464 2401 montanea.
484 2367 514 2401 ll
541 2378 632 2400 nous
657 2365 760 2411 peint
785 2365 835 2399 les
863 2363 1080 2405 chevaliers,
1115 2362 1257 2396 battant
1280 2360 1343 2394 des
1368 2361 1484 2394 mains

63 2425 151 2460 (lans
168 2426 249 2460 leur
263 2426 462 2472 desesp0i1'‚
481 2433 517 2459 et
533 2425 692 2460 vendant
705 2424 802 2457 leurs
820 2435 938 2457 armes
956 2435 1000 2456 au
1020 2422 1101 2468 plus
1116 2421 1160 2456 vil
1182 2421 1281 2467 prix,
1305 2432 1397 2465 pour
1411 2419 1483 2453 s'eu

64 2485 311 2528 debarrasser;
331 2486 560 2533 quelquesois
576 2484 693 2519 menie
712 2484 762 2517 les
780 2483 926 2516 laissant
945 2483 984 2528 qa
1000 2489 1037 2516 et
1053 2481 1102 2523 la,
1124 2493 1188 2527 par
1204 2478 1486 2526 l'inipossibilitc

64 2544 108 2579 de
125 2544 175 2580 les
192 2552 420 2591 transporter
437 2557 481 2578 au
504 2544 628 2578 milieu
647 2542 693 2577 de
711 2554 768 2577 ces
787 2542 999 2588 precipiceS.

111 2603 338 2639 Godechilde
367 2604 411 2637 dc
439 2604 574 2645 (Poeni,
607 2602 677 2637 fille
702 2602 746 2636 (lc
775 2601 891 2635 Raoul
920 2602 955 2634 Il
983 2600 1028 2635 de
1055 2600 1191 2640 Toeni‚
1218 2606 1255 2633 et
1284 2599 1414 2632 senune
1441 2596 1486 2631 de

67 2662 255 2697 Baudouin
275 2663 320 2697 de
341 2663 547 2710 Uoulogne‚
569 2668 719 2696 mourut
737 2668 773 2695 et
794 2660 850 2694 fut
866 2661 1033 2694 enterree
1050 2661 1070 2693 a
1090 2658 1256 2692 Mai-esic,
1279 2658 1384 2691 (lette
1407 2655 1488 2689 ville

67 2732 203 2768 occupe
228 2721 519 2768 l'emplacement
541 2721 586 2755 de
610 2720 811 2754 l’ancienne
827 2718 1075 2753 Germanicie.
1099 2717 1160 2751 On
1179 2716 1270 2751 avait
1291 2715 1346 2748 etc
1366 2712 1488 2759 oblige-

70 2778 113 2814 de
131 2781 178 2823 ἐγ
195 2781 332 2815 arrctcr
355 2794 446 2827 pour
460 2780 626 2815 attendi-c
645 2778 848 2822 lssocxiioncl,
870 2779 930 2824 qui
946 2806 953 2822 ,
972 2778 1109 2823 inalgrc
1127 2782 1204 2811 tout
1231 2787 1270 2809 cc
1295 2785 1364 2819 quc
1384 2778 1488 2807 noti-c
