2085 3455
600 276 679 315 302
962 276 1204 314 HISTORIA
1238 275 1642 314 ECCLESIASTICA.
1872 274 2010 330 [i088]

598 371 763 407 eontra
788 360 1085 408 Rodbertum
1117 381 1246 409 arma
1280 363 1496 423 sustulit,
1519 375 1566 409 et
1594 363 1891 411 Exealsoium
1915 367 2010 429 (1),

597 438 863 503 multasque
889 440 999 485 alias
1026 441 1075 486 in
1113 441 1313 487 circuitu
1341 441 1474 486 villas
1507 440 1787 499 combussit,
1815 442 2014 489 multas-

598 532 689 579 que
727 515 909 579 praeda5
942 516 1251 581 hominesque
1290 517 1502 562 abduxit.
1539 518 1658 563 Erat
1696 517 1818 565 idem
1851 520 2012 566 consul

597 594 951 656 magnanimus,
983 612 1185 657 corpore
1210 594 1407 657 pulcher
1436 606 1482 639 et
1512 594 1689 640 validus
1716 595 1813 658 (2),
1845 596 2013 643 timens

596 670 748 716 Deum
775 682 821 716 et
844 671 1066 717 Ecclesiae
1092 672 1248 717 cultor
1270 671 1489 728 devotus,
1521 673 1805 718 elericorum
1831 691 2012 736 paupe-

598 766 800 813 rumque
839 749 923 794 Dei
971 747 1191 795 defensor
1231 760 1472 805 strenuus,
1513 749 1560 795 in
1599 766 1711 813 pace
1748 750 1932 814 quietus
1969 762 2015 797 et

597 826 836 882 amabilis,
868 827 1099 890 bonisque
1124 826 1336 890 pollebat
1355 827 1596 883 moribus,
1626 828 1674 873 iu
1702 827 1830 874 bello
1862 829 2015 891 gravis

596 913 645 948 et
688 903 976 958 fortunatus,
1013 901 1323 967 finitimisque
1371 903 1682 949 intolerabilis
1718 903 1930 967 regibus,
1969 915 2016 950 et

596 979 815 1025 inimicus
849 978 1087 1025 omnibus.
1123 981 1210 1026 Hic
1246 979 1494 1026 nobilitate
1517 991 1769 1043 parentum
1795 998 2011 1039 suorum,

595 1067 642 1102 et
665 1057 877 1120 conjugis
901 1074 995 1102 suae
1015 1057 1241 1103 Beatrieis
1262 1058 1329 1118 (5)
1361 1058 1486 1103 inter
1519 1058 1722 1104 illustres
1752 1057 2016 1122 spectabilis

594 1144 719 1190 erat,
748 1144 1059 1197 strenuosque
1086 1133 1316 1189 barones,
1346 1145 1389 1180 et
1416 1136 1463 1180 in
1488 1134 1627 1180 bellis
1653 1152 1780 1182 aeres
1812 1134 2016 1199 oppida-

595 1228 682 1258 nos
712 1229 806 1257 suae
837 1211 1008 1258 ditioni
1035 1211 1246 1258 subditos
1274 1211 1494 1258 habebat.
1519 1212 1660 1258 Filias
1691 1230 1881 1278 quoque
1916 1231 2017 1259 suas

595 1288 922 1335 consularibus
950 1290 1063 1335 viris
1087 1288 1215 1335 dedit
1249 1290 1296 1334 in
1329 1290 1640 1337 matrimonio
1670 1311 1679 1335 ε
1710 1290 2016 1355 Margaritam

594 1368 824 1424 Henrieo,
846 1367 1007 1413 comiti
1028 1367 1085 1413 de
1110 1367 1399 1413 (on-arerieo
1419 1368 1510 1430 (4),
1531 1378 1577 1414 et
1600 1367 1838 1413 Julianam
1858 1367 2016 1414 Gisle—

593 1444 734 1492 berto
757 1444 814 1491 de
835 1444 1005 1509 Aquila
1030 1444 1206 1508 oppido
1229 1446 1300 1508 (5)
1317 1481 1327 1499 ,
1355 1461 1411 1491 ex
1430 1444 1602 1509 quibus
1621 1456 1724 1492 orta
1744 1456 1813 1491 est
1831 1445 2017 1510 elegans

594 1522 768 1568 sobolis
789 1538 1029 1585 generosae
1047 1539 1280 1586 propago.
1305 1521 1577 1568 Goissredus
1599 1523 1755 1586 itaque
1775 1539 1930 1569 eomes
1947 1532 2018 1569 tot

595 1598 923 1646 stemmatibus
964 1599 1310 1656 exornabatur,
1350 1610 1396 1645 et
1433 1600 1576 1645 armis
1609 1601 1873 1665 animisque
1909 1618 2016 1647 cum

594 1677 771 1724 divitiis
795 1689 842 1723 et
866 1678 1028 1723 amieis
1046 1677 1353 1735 fulciebatur3
1377 1689 1423 1723 et
1445 1677 1573 1742 quod
1593 1689 1661 1724 est
1683 1696 1823 1742 super
1841 1679 2016 1730 omnia,

595 1757 769 1802 timore
795 1756 877 1801 Dei
903 1756 1124 1818 stipatus,
1152 1756 1390 1800 neminem
1418 1757 1612 1812 timeus,
1639 1767 1692 1801 ut
1718 1757 1790 1803 leo
1814 1774 2017 1821 progre-

594 1833 830 1880 diebatur.
860 1833 1194 1888 Dan-frontem,
1221 1832 1531 1880 fortissimum
1555 1844 1785 1891 castrum,
1810 1834 2018 1899 aliosque

594 1911 889 1976 sundosjure
919 1911 1316 1966 calumniabatur,
1353 1922 1399 1957 et
1430 1910 1677 1958 Roffiberto
1708 1923 1910 1976 cognato
1934 1929 2018 1958 suo

595 1989 778 2035 auferre
798 1987 1059 2034 nitebatur.
1085 1987 1468 2034 Contristabatur
1487 1987 1614 2052 quod
1641 1989 1844 2036 inermes
1861 2000 1907 2036 et
1929 1990 2018 2037 im-

595 2066 792 2112 meritos
826 2064 1098 2129 premebat,
1136 2064 1215 2111 sed
1258 2065 1307 2110 in
1341 2082 1508 2128 eampo
1546 2064 1795 2128 publicum
1836 2065 2018 2113 hostem

595 2144 808 2208 reperire
848 2142 1100 2207 nequibat,
1144 2154 1308 2190 eontra
1348 2160 1491 2207 quem
1530 2142 1741 2190 debitam
1784 2144 2017 2191 ultionem

642 2363 695 2404 (1)
716 2353 940 2403 Echaufour,
964 2362 1047 2408 pres
1065 2352 1352 2396 Saint—Evroult.

643 2422 694 2467 (2)
712 2421 781 2455 Ms.
802 2421 847 2455 de
867 2420 898 2455 la
920 2423 1019 2455 reine
1039 2420 1083 2455 de
1102 2421 1236 2456 Suede.

642 2480 693 2525 (3)
714 2481 859 2515 Be'atrix
879 2481 924 2515 de
942 2481 1058 2515 Rouci
1072 2509 1081 2523 ,
1105 2480 1176 2516 fille
1194 2480 1388 2516 d’Hilduin
1412 2481 1480 2523 IV,
1501 2487 1620 2515 comte
1643 2479 1688 2514 de
1710 2478 1954 2525 Montdidier,
1981 2485 2018 2514 et

596 2539 736 2584 d'Alix,
758 2548 934 2575 comtcsse
954 2541 998 2575 de
1018 2541 1155 2583 Rouci3
1176 2548 1213 2576 et
1232 2553 1305 2575 non
1325 2552 1387 2588 pas
1407 2541 1552 2575 Beat1·ix
1569 2540 1614 2574 de
1632 2539 1855 2585 Rochefort‚
1876 2551 2017 2576 comme

596 2606 703 2634 notre
722 2606 855 2634 auteur
873 2599 906 2634 le
925 2599 1004 2634 dira
1022 2600 1104 2646 plus
1122 2599 1217 2635 tard.

640 2660 694 2704 (4)
712 2660 828 2694 Henri
841 2687 849 2702 ‚
874 2659 928 2693 fils
949 2660 1060 2706 puiue
1078 2659 1123 2693 de
1141 2660 1265 2707 Roger
1283 2659 1328 2694 de
1345 2659 1566 2702 Beaumout,
1587 2666 1706 2694 comte
1725 2659 1771 2694 de
1790 2659 1991 2693 VVarwick.

642 2717 693 2765 (5)
714 2719 920 2762 Gislebert,
947 2720 1118 2766 seigneur
1143 2719 1188 2754 de
1213 2719 1335 2767 Laigle
1357 2719 1488 2766 depuis
1512 2719 1545 2753 la
1565 2727 1663 2754 mort
1686 2719 1731 2754 de
1756 2732 1821 2754 son
1846 2720 1932 2767 pere
1950 2719 2016 2753 Ri-

596 2778 697 2820 cher,
724 2777 814 2813 dont
838 2790 930 2813 nous
956 2791 1064 2813 avons
1088 2791 1133 2813 vu
1159 2779 1191 2813 le
1217 2779 1308 2814 recit
1329 2778 1418 2814 dans
1436 2778 1468 2813 le
1488 2779 1576 2814 livre
1595 2778 1801 2825 precedent.
