2085 3455
615 311 690 348 386
978 308 1218 346 HISTORIA
1250 308 1651 346 ECCLESIASTICA.
1878 314 2014 362 [1092]
2036 352 2039 355 ,

612 395 835 460 Ebruffie,
867 396 1030 441 ducito
1055 414 1144 441 me.
1181 395 1347 458 Sicque
1381 405 1432 440 ut
1466 406 1589 452 erat,
1623 395 1759 441 nudis
1791 395 2012 459 pedibus,

612 473 733 519 linea
766 482 951 518 tantum
981 481 1120 535 atque
1150 470 1294 534 pallio
1329 471 1550 527 amictus,
1587 488 1671 534 per
1697 470 1870 517 medias
1903 473 2018 519 acies

611 550 851 606 transivit,
885 567 937 595 ac
972 549 1006 594 si
1047 548 1207 595 oculos
1240 565 1334 594 non
1371 547 1654 594 habuissent.
1692 548 1859 594 Nullus
1893 551 2015 595 enim

612 645 718 674 eum
743 624 1052 688 interrogavit
1082 624 1184 687 quis
1216 634 1354 680 esset,
1397 624 1470 670 vel
1504 641 1598 689 quo
1631 624 1861 671 tenderet.
1899 625 2017 672 Puto

608 702 736 768 quod
764 705 939 748 virtute
961 699 1237 746 sanctissimi
1262 701 1350 745 viri
1377 717 1482 746 eum
1508 700 1666 746 videre
1688 701 2014 765 nequiverant.

609 783 741 827 Circa
766 790 942 826 sextam
964 794 1079 823 vero
1103 776 1269 823 horam
1295 779 1545 841 respiciens
1568 789 1672 841 post
1693 795 1761 835 se,
1788 778 1904 824 vidit
1926 780 2019 824 min

609 861 763 914 litem,
792 857 870 921 qui
891 872 998 901 eum
1017 866 1228 918 ceperat,
1252 855 1438 901 concito
1460 873 1598 901 cursu
1617 856 1902 901 venientem.
1930 855 2015 915 Qui

607 952 783 1000 magno
811 935 978 980 timore
996 932 1259 996 perculSUS,
1282 933 1405 978 inter
1421 932 1635 996 quaedam
1651 933 1889 989 fruticeta,
1914 950 2017 996 quae

608 1031 654 1061 se
695 1013 842 1060 oculis
880 1013 975 1075 ejus
1015 1010 1316 1065 obtulerunt,
1357 1021 1503 1056 semet
1542 1010 1765 1057 occuluit.
1809 1010 2019 1074 Cumque

607 1090 859 1155 praedictus
883 1089 1016 1134 miles
1040 1104 1190 1150 prope
1215 1086 1429 1133 eumdem
1452 1087 1608 1134 locum
1632 1086 1912 1144 advenisset,
1940 1088 2018 1133 in-

608 1168 868 1232 terrogavit
897 1165 1128 1212 bubulcos
1156 1165 1235 1229 qui
1267 1163 1441 1211 ibidem
1466 1163 1685 1221 arabant,
1715 1165 1751 1209 si
1778 1164 2017 1211 hominem

606 1244 857 1310 quemdam
891 1243 1149 1306 fugientem
1183 1240 1430 1299 vidissent3
1457 1242 1744 1305 promittens
1779 1252 1871 1287 tres
1901 1241 2018 1288 soli-

604 1323 688 1370 dos
716 1323 783 1368 illi
814 1321 988 1386 absque
1021 1337 1154 1366 mora
1189 1336 1234 1365 se
1263 1318 1509 1377 daturum,
1546 1320 1625 1384 qui
1655 1320 1694 1365 ei
1728 1320 2014 1366 insinuasset.

607 1401 672 1446 At
696 1400 761 1446 illi
778 1437 789 1454 ,
813 1400 985 1445 timore
1008 1397 1262 1455 admoniti,
1288 1398 1500 1462 quamvis
1527 1397 1662 1443 illum
1687 1398 1901 1452 scissent,
1930 1415 2019 1444 ne—

606 1487 837 1541 gaverunt
860 1492 906 1521 se
932 1476 1066 1521 scire.
1093 1474 1305 1538 Cumque
1330 1474 1410 1520 ille
1435 1475 1693 1521 recessisset
1722 1474 1778 1520 de
1805 1475 1933 1532 loco,
1972 1476 2017 1520 in

605 1571 702 1618 quo
737 1570 783 1599 se
818 1552 1116 1608 occuluerat,
1161 1552 1370 1615 captivus
1406 1553 1638 1609 surrexit,
1677 1563 1724 1598 et
1756 1553 1900 1598 fretus
1935 1553 2016 1598 Dei

604 1629 840 1695 adjutorio
863 1640 908 1675 et
932 1628 1054 1675 beati
1076 1627 1288 1686 Ebrulfi,
1317 1629 1566 1675 incolumis
1587 1629 1643 1674 ad
1667 1647 1745 1675 sua
1769 1630 2016 1685 remeavit,

605 1708 865 1772 perdurans
898 1708 943 1753 in
970 1723 1170 1770 corpore
1198 1723 1343 1770 usque
1370 1707 1426 1752 ad
1461 1717 1620 1752 nostra
1655 1718 1884 1771 tempora.
1919 1708 2019 1754 Hoc

606 1803 741 1842 vero,
769 1784 897 1850 quod
922 1785 1192 1840 retulimus,
1216 1801 1272 1830 ex
1298 1785 1437 1847 ipsius
1456 1802 1539 1831 ore
1562 1784 1831 1842 didicimus,
1858 1787 2014 1850 eique,

606 1865 713 1928 quia
751 1863 985 1928 legitimus
1023 1872 1069 1907 et
1105 1861 1349 1908 laudabilis
1382 1863 1491 1908 vitae
1530 1874 1626 1919 est,
1666 1863 1764 1909 sine
1798 1863 2018 1926 scrupulo

605 1942 855 1989 credimus.

670 2018 784 2063 XX.
821 2017 1009 2081 }=‹›93.]
1042 2016 1174 2061 Circa
1202 2015 1302 2062 haec
1336 2027 1547 2079 tempora
1565 2052 1576 2071 ,
1611 2016 1655 2061 in
1684 2033 1834 2080 regno
1855 2016 2016 2062 Gallice

605 2095 730 2142 l'oeda
747 2093 955 2140 turbatio
970 2103 1132 2139 exorta
1148 2104 1232 2139 est.
1247 2092 1470 2139 Bertrada
1488 2093 1633 2150 enim,
1654 2092 2013 2157 Andegavorum

606 2173 835 2218 comitissa
853 2207 864 2226 ,
893 2182 1105 2216 metuens
1131 2188 1188 2216 ne
1215 2171 1289 2216 vir
1314 2188 1420 2216 suus
1445 2169 1571 2234 quod
1591 2172 1683 2235 jam
1710 2170 1889 2215 duabus
1917 2170 2017 2215 aliis

603 2254 793 2309 lecerat,
813 2252 898 2297 sibi
919 2253 1108 2308 faceret,
1129 2263 1175 2298 et
1192 2253 1353 2298 relicta
1376 2253 1665 2315 contemptui
1687 2269 1764 2298 seu
1785 2253 1876 2298 vile
1900 2270 2018 2298 scor-

610 2343 707 2377 tum
727 2331 885 2383 fieret,
921 2331 1104 2377 conscia
1132 2331 1392 2377 nobilitatis
1423 2341 1468 2376 et
1501 2330 1867 2393 pulchritudinis
1898 2347 2013 2384 suae,

608 2412 879 2458 fidissimum
898 2412 1103 2475 legatum
1117 2412 1354 2475 Philippo,
1378 2412 1475 2476 regi
1492 2412 1803 2467 Francorum,
1824 2411 2018 2457 destina-

608 2492 690 2546 vit,
706 2491 841 2553 eique
858 2490 984 2553 quoni
1008 2492 1050 2535 in
1072 2490 1212 2537 corde
1228 2489 1471 2545 tractabat,
1486 2488 1728 2535 evidenter
1744 2489 2013 2534 notificavit.

608 2567 812 2613 Malebat
831 2567 960 2612 enim
982 2567 1109 2612 uitro
1130 2568 1286 2613 virum
1305 2567 1574 2631 relinquere
1588 2602 1597 2618 ‚
1626 2567 1863 2629 aliumque
1885 2582 2017 2628 appe·
2084 2590 2085 2594 =

610 2657 731 2699 iere,
767 2662 907 2708 quam
936 2663 957 2689 a
985 2646 1088 2691 viro
1120 2646 1349 2710 relinqui,
1382 2645 1690 2709 omniumque
1721 2655 1879 2707 patere
1911 2643 2017 2689 des-
2083 2636 2085 2646 ⁴

609 2724 781 2786 pectui.
827 2724 1040 2787 Denique
1080 2724 1240 2770 mollis
1277 2724 1526 2786 princePS,
1563 2733 1802 2785 comperta
1841 2721 2017 2767 lascivae
2083 2770 2085 2788 Σ

608 2802 817 2847 mulieris
837 2802 1091 2859 mininam,
1114 2801 1291 2863 flagitio
1305 2801 1554 2857 consensit,
1578 2801 1831 2863 ipsamque,
1854 2799 2016 2844 relicto
2084 2793 2085 2796 ¹
