2033 3445
107 304 321 352 [587-596]
606 299 757 337 LIBER
787 299 993 337 SEXTUS.
1455 305 1499 340 71

105 389 261 452 fregit.
298 386 432 446 Quod
455 386 625 431 factum
643 421 654 440 ,
684 395 735 429 ut
767 384 987 430 omnibus
1011 387 1386 432 manifestaretur
1409 389 1506 435 Deo

103 464 386 526 displicuisse
401 498 412 518 ‚
436 478 531 508 nou
564 462 611 506 in
634 461 827 524 longum
849 478 1003 523 passus
1029 473 1097 507 est
1122 463 1326 508 inultum
1350 481 1506 510 rema-

104 558 229 587 nere.
250 541 366 586 Nam
386 550 637 602 antequam
655 556 805 584 annus
819 539 1107 596 volveretur,
1128 540 1349 603 praefatus
1365 540 1507 589 homo

104 617 193 662 vita
219 616 448 679 privatur.

166 695 217 739 ln
255 693 443 740 basilica
480 711 618 757 quam
654 693 794 738 retuli
827 695 1038 758 reginam
1073 694 1363 752 condidisse,
1401 695 1506 743 duae

100 789 192 816 3¹:ae
210 781 319 816 sunt
339 781 623 817 consecratae
636 806 648 825 ,
676 788 877 834 quarum
898 788 989 817 uua
1009 770 1156 817 dicata
1180 783 1249 818 est
1268 783 1440 820 sanctae
1460 784 1507 819 et

100 847 351 894 individuae
376 848 597 893 Trinitati
614 884 626 904 ‚
656 848 799 893 altera
830 865 946 895 vero
972 850 1158 895 intactae
1182 851 1394 915 Virgini,
1421 852 1503 897 Dei

98 925 333 988 genitrici.
362 925 532 970 Fertur
557 924 682 989 quod
712 923 773 970 ibi
800 926 942 971 suerit
963 926 1239 973 coenobium
1259 928 1507 974 sanctimo-

97 1003 317 1057 nialium,
349 1019 536 1049 necnon
572 1003 856 1049 cimiterium
898 1003 1244 1050 monachorum
1274 1016 1321 1050 et
1354 1004 1505 1051 subli-

96 1080 243 1124 mium
275 1080 515 1136 virorum,
543 1098 747 1144 quorum
773 1081 884 1127 illuc
921 1081 1141 1127 cadavera
1174 1081 1505 1146 bajulabantur

96 1156 150 1202 ad
189 1156 534 1219 sepeliendum,
562 1159 669 1220 quia
705 1159 751 1203 in
784 1158 906 1203 valle
932 1159 1152 1220 palustris
1177 1158 1345 1205 humus
1373 1170 1500 1216 erat,

98 1245 142 1279 et
168 1234 213 1279 in
237 1233 388 1280 hieme
409 1236 577 1298 passim
600 1235 711 1281 dum
737 1234 994 1293 foderetur,
1017 1236 1203 1299 lympha
1222 1254 1333 1283 mox
1359 1248 1505 1283 scatu-

97 1310 275 1365 riebat„
308 1329 596 1376 manansque
625 1313 804 1358 foveam
829 1313 932 1358 fons
955 1312 1257 1376 adimplebat.
1292 1313 1429 1359 Unde
1456 1315 1501 1359 in

97 1388 318 1450 praedicta
344 1389 442 1434 aede
467 1389 677 1452 Virginis
697 1389 860 1434 Matris
878 1390 1080 1452 plurima
1108 1390 1302 1453 insignis
1323 1389 1504 1435 habita-

98 1464 236 1510 tionis
261 1465 428 1511 indicia
455 1465 743 1528 panduntur,
767 1476 813 1511 et
833 1466 1043 1529 usquein
1072 1464 1357 1512 hodiernum
1378 1465 1500 1512 diem

96 1541 395 1588 honorabiles
415 1541 590 1588 ibidem
609 1543 831 1606 sarcofagi
857 1553 1122 1598 servantur,
1154 1544 1234 1607 qui
1266 1542 1504 1606 spectabi-

95 1619 209 1663 lium
241 1619 376 1664 fuisse
406 1636 715 1683 personarum
748 1621 847 1666 sine
870 1620 1093 1683 scrupulo
1117 1619 1395 1666 creduntur·
1423 1621 1504 1665 llis

95 1695 154 1739 ita
185 1712 231 1741 se
263 1695 571 1752 habentibus,
613 1696 668 1743 ad
703 1714 752 1743 ea
793 1696 1026 1744 narranda
1061 1714 1167 1761 quae
1207 1708 1386 1743 restant
1420 1714 1505 1743 ve-

95 1774 291 1819 niamus.

156 1853 241 1899 Vir
263 1853 363 1899 Deo
382 1854 573 1916 plenus,
596 1864 647 1898 ut
667 1853 981 1917 frequentiam
999 1854 1053 1899 ad
1078 1871 1124 1900 se
1148 1853 1503 1900 adventantium

95 1947 140 1974 se
159 1931 283 1974 ferre
304 1947 400 1975 non
428 1947 559 1993 posse
579 1930 719 1987 vidit,
747 1948 881 1976 suum
900 1931 1042 1994 digne
1066 1933 1407 1978 monasterium
1424 1949 1504 1978 or-

91 2008 292 2063 dinavit,
311 2009 512 2054 latenter
534 2007 639 2053 inde
658 2010 859 2065 secessit,
882 2020 928 2055 et
953 2011 999 2055 in
1024 2021 1183 2073 crypta
1203 2009 1403 2074 quadam
1420 2026 1506 2073 per

95 2098 187 2132 tres
205 2105 352 2132 annos
379 2087 437 2131 ita
474 2085 684 2142 delituit,
712 2088 933 2150 quatinus
956 2106 978 2132 a
1000 2089 1135 2134 nullo
1160 2088 1502 2134 monachorum

93 2166 277 2228 penitus
311 2167 527 2217 sciretur,
566 2176 760 2228 excepto
795 2183 891 2212 uno
931 2167 1123 2212 nomine
1171 2165 1385 2224 Malcho,
1423 2168 1506 2231 qui

92 2241 264 2288 filiolus
305 2242 395 2288 viri
434 2243 517 2288 Dei
553 2253 677 2298 erat,
712 2244 985 2308 caeterisque
1027 2243 1306 2290 familiarior
1337 2262 1504 2290 arcana

92 2321 187 2383 ejus
220 2331 435 2366 noverat.
469 2320 639 2383 Crypta
672 2337 784 2366 vero
807 2323 893 2366 sub
924 2332 1087 2368 monte
1105 2320 1334 2367 frondoso
1356 2339 1505 2385 prope

94 2398 298 2443 rivulum
324 2409 449 2455 erat,
471 2409 518 2444 et
541 2416 563 2443 a
592 2400 881 2446 monasterio
903 2399 999 2446 fere
1015 2399 1205 2445 dimidia
1226 2399 1359 2463 leuga
1377 2400 1508 2445 dista-

94 2475 175 2520 bat
197 2477 287 2539 (ι).
313 2476 537 2524 Diabolus
563 2488 738 2534 autem,
765 2479 979 2524 omnium
1002 2478 1242 2525 bonorum
1267 2479 1501 2536 inimicus,

94 2552 254 2599 videns
285 2556 451 2600 fratres
478 2556 522 2600 in
548 2555 686 2601 bonis
715 2572 980 2602 excrescere
1003 2556 1252 2620 operibus,
1281 2556 1408 2602 nisus
1439 2567 1506 2602 cst

141 2737 189 2780 (ι)
219 2738 322 2770 (lello
351 2745 475 2784 ciffvpte
502 2740 585 2773 Mai!
612 2739 881 2784 probablvnwni
914 2740 1002 2773 «lans
1029 2740 1059 2773 lv
1089 2739 1269 2783 wisinagr
1300 2740 1342 2773 ‹l‹·
1362 2739 1390 2772 la
1425 2740 1481 2772 son

99 2794 193 2828 taine
214 2788 498 2829 &unt—lembuli.
