<?xml version="1.0" encoding="UTF-8"?>
<!DOCTYPE html PUBLIC "-//W3C//DTD XHTML 1.0 Transitional//EN"
    "http://www.w3.org/TR/xhtml1/DTD/xhtml1-transitional.dtd">
<html xmlns="http://www.w3.org/1999/xhtml" xml:lang="en" lang="en">
 <head>
  <title>
</title>
<meta http-equiv="Content-Type" content="text/html;charset=utf-8" />
  <meta name='ocr-system' content='tesseract 3.04.00' />
  <meta name='ocr-capabilities' content='ocr_page ocr_carea ocr_par ocr_line ocrx_word'/>
</head>
<body>
  <div class='ocr_page' id='page_1' title='image "./ordericivitalish03ordeuoft/ordericivitalish03ordeuoft_0644.png"; bbox 0 0 2085 3455; ppageno 0'>
   <div class='ocr_carea' id='block_1_1' title="bbox 583 278 1992 329">
    <p class='ocr_par' dir='ltr' id='par_1_1' title="bbox 583 278 1992 329">
     <span class='ocr_line' id='line_1_1' title="bbox 583 278 1992 329; baseline -0.001 -10"><span class='ocrx_word' id='word_1_1' title='bbox 583 283 661 320; x_wconf 75' lang='lat'>520</span> <span class='ocrx_word' id='word_1_2' title='bbox 949 278 1192 317; x_wconf 74' lang='lat' dir='ltr'>HISToaiA</span> <span class='ocrx_word' id='word_1_3' title='bbox 1222 278 1628 318; x_wconf 80' lang='lat' dir='ltr'>ECCLESIASTICA.</span> <span class='ocrx_word' id='word_1_4' title='bbox 1654 282 1754 329; x_wconf 65' lang='lat' dir='ltr'>[mo</span> <span class='ocrx_word' id='word_1_5' title='bbox 1771 294 1853 318; x_wconf 60' lang='lat' dir='ltr'>oct.</span> <span class='ocrx_word' id='word_1_6' title='bbox 1875 281 1992 329; x_wconf 69' lang='lat'>1097]</span> 
     </span>
    </p>
   </div>
   <div class='ocr_carea' id='block_1_2' title="bbox 580 366 2014 2223">
    <p class='ocr_par' dir='ltr' id='par_1_2' title="bbox 580 366 2014 2223">
     <span class='ocr_line' id='line_1_2' title="bbox 582 366 1992 430; baseline -0.004 -15"><span class='ocrx_word' id='word_1_7' title='bbox 582 376 671 415; x_wconf 86' lang='lat' dir='ltr'>xu⁰</span> <span class='ocrx_word' id='word_1_8' title='bbox 699 366 919 413; x_wconf 78' lang='lat' dir='ltr'>kalendas</span> <span class='ocrx_word' id='word_1_9' title='bbox 950 367 1221 414; x_wconf 79' lang='lat' dir='ltr'>novembris</span> <span class='ocrx_word' id='word_1_10' title='bbox 1244 367 1344 430; x_wconf 79' lang='grc' dir='ltr'>(ι),</span> <span class='ocrx_word' id='word_1_11' title='bbox 1383 366 1585 413; x_wconf 85' lang='lat' dir='ltr'>tentoria</span> <span class='ocrx_word' id='word_1_12' title='bbox 1619 384 1699 412; x_wconf 86' lang='lat' dir='ltr'>sua</span> <span class='ocrx_word' id='word_1_13' title='bbox 1729 366 1992 429; x_wconf 86' lang='lat' dir='ltr'>coaptavit,</span> 
     </span>
     <span class='ocr_line' id='line_1_3' title="bbox 582 448 1996 513; baseline -0.003 -17"><span class='ocrx_word' id='word_1_14' title='bbox 582 462 629 496; x_wconf 89' lang='lat' dir='ltr'>et</span> <span class='ocrx_word' id='word_1_15' title='bbox 653 469 676 496; x_wconf 89' lang='lat' dir='ltr'>a</span> <span class='ocrx_word' id='word_1_16' title='bbox 701 449 854 496; x_wconf 83' lang='lat' dir='ltr'>tribus</span> <span class='ocrx_word' id='word_1_17' title='bbox 875 450 1026 513; x_wconf 88' lang='lat' dir='ltr'>portis</span> <span class='ocrx_word' id='word_1_18' title='bbox 1047 450 1283 496; x_wconf 79' lang='lat' dir='ltr'>civitatem</span> <span class='ocrx_word' id='word_1_19' title='bbox 1310 465 1456 512; x_wconf 87' lang='lat' dir='ltr'>usque</span> <span class='ocrx_word' id='word_1_20' title='bbox 1483 452 1587 494; x_wconf 73' lang='lat'>111³¹¹¹¹</span> <span class='ocrx_word' id='word_1_21' title='bbox 1612 465 1760 495; x_wconf 89' lang='lat' dir='ltr'>nonas</span> <span class='ocrx_word' id='word_1_22' title='bbox 1777 448 1898 512; x_wconf 87' lang='lat' dir='ltr'>junii</span> <span class='ocrx_word' id='word_1_23' title='bbox 1926 448 1996 510; x_wconf 79' lang='lat'>(2)</span> 
     </span>
     <span class='ocr_line' id='line_1_4' title="bbox 581 526 1995 591; baseline -0.002 -16"><span class='ocrx_word' id='word_1_24' title='bbox 581 529 785 575; x_wconf 83' lang='lat' dir='ltr'>viriliter</span> <span class='ocrx_word' id='word_1_25' title='bbox 801 526 1003 575; x_wconf 87' lang='lat' dir='ltr'>obsedit.</span> <span class='ocrx_word' id='word_1_26' title='bbox 1024 527 1147 573; x_wconf 90' lang='lat' dir='ltr'>Nam</span> <span class='ocrx_word' id='word_1_27' title='bbox 1164 528 1308 573; x_wconf 86' lang='lat' dir='ltr'>altera</span> <span class='ocrx_word' id='word_1_28' title='bbox 1329 538 1464 591; x_wconf 88' lang='lat' dir='ltr'>parte</span> <span class='ocrx_word' id='word_1_29' title='bbox 1483 527 1554 589; x_wconf 52' lang='grc' dir='ltr'>(ΞΥ)</span> <span class='ocrx_word' id='word_1_30' title='bbox 1575 526 1758 573; x_wconf 88' lang='lat' dir='ltr'>obsessa</span> <span class='ocrx_word' id='word_1_31' title='bbox 1777 544 1872 573; x_wconf 85' lang='lat' dir='ltr'>non</span> <span class='ocrx_word' id='word_1_32' title='bbox 1890 527 1995 581; x_wconf 84' lang='lat' dir='ltr'>suit,</span> 
     </span>
     <span class='ocr_line' id='line_1_5' title="bbox 581 603 2000 672; baseline -0.003 -19"><span class='ocrx_word' id='word_1_33' title='bbox 581 607 811 672; x_wconf 87' lang='lat' dir='ltr'>quoniam</span> <span class='ocrx_word' id='word_1_34' title='bbox 847 616 943 652; x_wconf 88' lang='lat' dir='ltr'>tam</span> <span class='ocrx_word' id='word_1_35' title='bbox 977 606 1210 669; x_wconf 75' lang='lat' dir='ltr'>porrectis</span> <span class='ocrx_word' id='word_1_36' title='bbox 1249 616 1296 651; x_wconf 92' lang='lat' dir='ltr'>et</span> <span class='ocrx_word' id='word_1_37' title='bbox 1331 605 1572 651; x_wconf 82' lang='lat' dir='ltr'>inaccessis</span> <span class='ocrx_word' id='word_1_38' title='bbox 1603 603 2000 667; x_wconf 76' lang='lat' dir='ltr'>coangustabatur</span> 
     </span>
     <span class='ocr_line' id='line_1_6' title="bbox 581 681 2002 748; baseline -0.003 -17"><span class='ocrx_word' id='word_1_39' title='bbox 581 684 784 748; x_wconf 89' lang='lat' dir='ltr'>scopulis</span> <span class='ocrx_word' id='word_1_40' title='bbox 809 694 856 730; x_wconf 90' lang='lat' dir='ltr'>et</span> <span class='ocrx_word' id='word_1_41' title='bbox 877 682 1141 740; x_wconf 89' lang='lat' dir='ltr'>montanis,</span> <span class='ocrx_word' id='word_1_42' title='bbox 1171 694 1223 728; x_wconf 86' lang='lat' dir='ltr'>ut</span> <span class='ocrx_word' id='word_1_43' title='bbox 1248 683 1405 729; x_wconf 87' lang='lat' dir='ltr'>nullus</span> <span class='ocrx_word' id='word_1_44' title='bbox 1424 683 1531 729; x_wconf 88' lang='lat' dir='ltr'>illac</span> <span class='ocrx_word' id='word_1_45' title='bbox 1554 699 1600 728; x_wconf 92' lang='lat' dir='ltr'>se</span> <span class='ocrx_word' id='word_1_46' title='bbox 1623 681 2002 729; x_wconf 81' lang='lat' dir='ltr'>accommodaret</span> 
     </span>
     <span class='ocr_line' id='line_1_7' title="bbox 581 759 2003 809; baseline -0.002 0"><span class='ocrx_word' id='word_1_47' title='bbox 581 761 639 809; x_wconf 88' lang='lat' dir='ltr'>ad</span> <span class='ocrx_word' id='word_1_48' title='bbox 659 761 971 809; x_wconf 91' lang='lat' dir='ltr'>obsidendum</span> <span class='ocrx_word' id='word_1_49' title='bbox 1000 761 1148 808; x_wconf 84' lang='lat' dir='ltr'>locus.</span> <span class='ocrx_word' id='word_1_50' title='bbox 1178 761 1364 806; x_wconf 81' lang='lat' dir='ltr'>Nimius</span> <span class='ocrx_word' id='word_1_51' title='bbox 1386 762 1530 807; x_wconf 89' lang='lat' dir='ltr'>timor</span> <span class='ocrx_word' id='word_1_52' title='bbox 1556 760 1726 807; x_wconf 85' lang='lat' dir='ltr'>invasit</span> <span class='ocrx_word' id='word_1_53' title='bbox 1745 759 2003 807; x_wconf 84' lang='lat' dir='ltr'>Antioche--</span> 
     </span>
     <span class='ocr_line' id='line_1_8' title="bbox 583 838 2002 901; baseline -0.001 -15"><span class='ocrx_word' id='word_1_54' title='bbox 583 858 668 887; x_wconf 88' lang='lat' dir='ltr'>nos</span> <span class='ocrx_word' id='word_1_55' title='bbox 699 850 746 885; x_wconf 89' lang='lat' dir='ltr'>et</span> <span class='ocrx_word' id='word_1_56' title='bbox 775 855 939 885; x_wconf 88' lang='lat' dir='ltr'>omnes</span> <span class='ocrx_word' id='word_1_57' title='bbox 966 838 1327 901; x_wconf 87' lang='lat' dir='ltr'>circumpositos</span> <span class='ocrx_word' id='word_1_58' title='bbox 1343 874 1356 897; x_wconf 90' lang='lat'>,</span> <span class='ocrx_word' id='word_1_59' title='bbox 1382 850 1436 884; x_wconf 86' lang='lat' dir='ltr'>ut</span> <span class='ocrx_word' id='word_1_60' title='bbox 1459 839 1615 885; x_wconf 88' lang='lat' dir='ltr'>nullus</span> <span class='ocrx_word' id='word_1_61' title='bbox 1638 855 1805 885; x_wconf 88' lang='lat' dir='ltr'>eorum</span> <span class='ocrx_word' id='word_1_62' title='bbox 1829 854 2002 901; x_wconf 83' lang='lat' dir='ltr'>expec-</span> 
     </span>
     <span class='ocr_line' id='line_1_9' title="bbox 583 914 2003 978; baseline -0.001 -16"><span class='ocrx_word' id='word_1_63' title='bbox 583 928 684 962; x_wconf 89' lang='lat' dir='ltr'>tare</span> <span class='ocrx_word' id='word_1_64' title='bbox 738 915 1025 962; x_wconf 87' lang='lat' dir='ltr'>cursitorum</span> <span class='ocrx_word' id='word_1_65' title='bbox 1072 914 1267 960; x_wconf 79' lang='lat' dir='ltr'>auderet</span> <span class='ocrx_word' id='word_1_66' title='bbox 1310 931 1576 962; x_wconf 80' lang='lat' dir='ltr'>occursum.</span> <span class='ocrx_word' id='word_1_67' title='bbox 1623 914 1798 961; x_wconf 87' lang='lat' dir='ltr'>Diebus</span> <span class='ocrx_word' id='word_1_68' title='bbox 1849 915 2003 978; x_wconf 87' lang='lat' dir='ltr'>itaque</span> 
     </span>
     <span class='ocr_line' id='line_1_10' title="bbox 580 991 2006 1056; baseline -0.001 -18"><span class='ocrx_word' id='word_1_69' title='bbox 580 994 728 1039; x_wconf 82' lang='lat' dir='ltr'>ferme</span> <span class='ocrx_word' id='word_1_70' title='bbox 746 1008 809 1038; x_wconf 82' lang='lat' dir='ltr'>xv</span> <span class='ocrx_word' id='word_1_71' title='bbox 829 991 1080 1037; x_wconf 83' lang='lat' dir='ltr'>siluerunt.</span> <span class='ocrx_word' id='word_1_72' title='bbox 1101 991 1248 1036; x_wconf 87' lang='lat' dir='ltr'>Terra</span> <span class='ocrx_word' id='word_1_73' title='bbox 1268 1007 1406 1046; x_wconf 83' lang='lat' dir='ltr'>vero,</span> <span class='ocrx_word' id='word_1_74' title='bbox 1429 1008 1535 1056; x_wconf 84' lang='lat' dir='ltr'>quae</span> <span class='ocrx_word' id='word_1_75' title='bbox 1553 991 1676 1037; x_wconf 88' lang='lat' dir='ltr'>circa</span> <span class='ocrx_word' id='word_1_76' title='bbox 1702 991 2006 1037; x_wconf 81' lang='lat' dir='ltr'>Antiochiam</span> 
     </span>
     <span class='ocr_line' id='line_1_11' title="bbox 583 1067 2006 1134; baseline -0.002 -18"><span class='ocrx_word' id='word_1_77' title='bbox 583 1068 848 1134; x_wconf 80' lang='lat' dir='ltr'>adjacebat,</span> <span class='ocrx_word' id='word_1_78' title='bbox 878 1079 1023 1132; x_wconf 89' lang='lat' dir='ltr'>prout</span> <span class='ocrx_word' id='word_1_79' title='bbox 1046 1068 1181 1114; x_wconf 87' lang='lat' dir='ltr'>vallis</span> <span class='ocrx_word' id='word_1_80' title='bbox 1205 1078 1272 1114; x_wconf 89' lang='lat' dir='ltr'>est</span> <span class='ocrx_word' id='word_1_81' title='bbox 1302 1068 1494 1125; x_wconf 71' lang='lat' dir='ltr'>fertilis,</span> <span class='ocrx_word' id='word_1_82' title='bbox 1523 1079 1624 1114; x_wconf 89' lang='lat' dir='ltr'>erat</span> <span class='ocrx_word' id='word_1_83' title='bbox 1648 1067 1914 1123; x_wconf 81' lang='lat' dir='ltr'>uberi-ima,</span> <span class='ocrx_word' id='word_1_84' title='bbox 1940 1068 2006 1113; x_wconf 87' lang='lat' dir='ltr'>vi-</span> 
     </span>
     <span class='ocr_line' id='line_1_12' title="bbox 583 1144 2007 1211; baseline -0.002 -17"><span class='ocrx_word' id='word_1_85' title='bbox 583 1148 705 1195; x_wconf 87' lang='lat' dir='ltr'>netis</span> <span class='ocrx_word' id='word_1_86' title='bbox 733 1147 929 1203; x_wconf 82' lang='lat' dir='ltr'>referta,</span> <span class='ocrx_word' id='word_1_87' title='bbox 950 1145 1183 1193; x_wconf 81' lang='lat' dir='ltr'>&#39;fructibus</span> <span class='ocrx_word' id='word_1_88' title='bbox 1209 1157 1255 1192; x_wconf 88' lang='lat' dir='ltr'>et</span> <span class='ocrx_word' id='word_1_89' title='bbox 1271 1145 1485 1210; x_wconf 79' lang='lat' dir='ltr'>frugibus</span> <span class='ocrx_word' id='word_1_90' title='bbox 1505 1146 1728 1211; x_wconf 84' lang='lat' dir='ltr'>jocunda,</span> <span class='ocrx_word' id='word_1_91' title='bbox 1756 1144 2007 1192; x_wconf 85' lang='lat' dir='ltr'>arboribus</span> 
     </span>
     <span class='ocr_line' id='line_1_13' title="bbox 583 1223 2007 1288; baseline -0.002 -17"><span class='ocrx_word' id='word_1_92' title='bbox 583 1241 859 1282; x_wconf 88' lang='lat' dir='ltr'>nemorosa,</span> <span class='ocrx_word' id='word_1_93' title='bbox 891 1224 1042 1271; x_wconf 85' lang='lat' dir='ltr'>hortis</span> <span class='ocrx_word' id='word_1_94' title='bbox 1063 1224 1220 1286; x_wconf 89' lang='lat' dir='ltr'>opima</span> <span class='ocrx_word' id='word_1_95' title='bbox 1247 1234 1294 1270; x_wconf 90' lang='lat' dir='ltr'>et</span> <span class='ocrx_word' id='word_1_96' title='bbox 1317 1223 1497 1287; x_wconf 87' lang='lat' dir='ltr'>pascuis</span> <span class='ocrx_word' id='word_1_97' title='bbox 1521 1223 1766 1288; x_wconf 86' lang='lat' dir='ltr'>opulenta.</span> <span class='ocrx_word' id='word_1_98' title='bbox 1797 1223 1866 1269; x_wconf 90' lang='lat' dir='ltr'>De</span> <span class='ocrx_word' id='word_1_99' title='bbox 1887 1223 2007 1269; x_wconf 90' lang='lat' dir='ltr'>civi-</span> 
     </span>
     <span class='ocr_line' id='line_1_14' title="bbox 583 1300 2008 1359; baseline -0.003 -9"><span class='ocrx_word' id='word_1_100' title='bbox 583 1313 679 1350; x_wconf 89' lang='lat' dir='ltr'>tate</span> <span class='ocrx_word' id='word_1_101' title='bbox 703 1302 921 1349; x_wconf 90' lang='lat' dir='ltr'>Armenii</span> <span class='ocrx_word' id='word_1_102' title='bbox 946 1302 1084 1348; x_wconf 83' lang='lat' dir='ltr'>multi</span> <span class='ocrx_word' id='word_1_103' title='bbox 1107 1312 1153 1348; x_wconf 88' lang='lat' dir='ltr'>et</span> <span class='ocrx_word' id='word_1_104' title='bbox 1183 1302 1369 1347; x_wconf 86' lang='lat' dir='ltr'>Suriani</span> <span class='ocrx_word' id='word_1_105' title='bbox 1386 1339 1399 1359; x_wconf 94' lang='lat'>,</span> <span class='ocrx_word' id='word_1_106' title='bbox 1436 1301 1706 1359; x_wconf 86' lang='lat' dir='ltr'>christiani,</span> <span class='ocrx_word' id='word_1_107' title='bbox 1733 1300 1813 1348; x_wconf 89' lang='lat' dir='ltr'>sed</span> <span class='ocrx_word' id='word_1_108' title='bbox 1841 1301 2008 1347; x_wconf 89' lang='lat' dir='ltr'>Turcis</span> 
     </span>
     <span class='ocr_line' id='line_1_15' title="bbox 584 1376 2004 1444; baseline -0.002 -18"><span class='ocrx_word' id='word_1_109' title='bbox 584 1378 781 1427; x_wconf 81' lang='lat' dir='ltr'>obnoxii</span> <span class='ocrx_word' id='word_1_110' title='bbox 798 1415 808 1435; x_wconf 95' lang='lat'>,</span> <span class='ocrx_word' id='word_1_111' title='bbox 831 1380 989 1444; x_wconf 81' lang='lat' dir='ltr'>¹sugam</span> <span class='ocrx_word' id='word_1_112' title='bbox 1008 1379 1300 1438; x_wconf 80' lang='lat' dir='ltr'>simulantes,</span> <span class='ocrx_word' id='word_1_113' title='bbox 1322 1377 1545 1426; x_wconf 84' lang='lat' dir='ltr'>audacter</span> <span class='ocrx_word' id='word_1_114' title='bbox 1563 1379 1610 1424; x_wconf 90' lang='lat' dir='ltr'>in</span> <span class='ocrx_word' id='word_1_115' title='bbox 1627 1388 1776 1424; x_wconf 85' lang='lat' dir='ltr'>castra</span> <span class='ocrx_word' id='word_1_116' title='bbox 1794 1376 2004 1435; x_wconf 84' lang='lat' dir='ltr'>exibant,</span> 
     </span>
     <span class='ocr_line' id='line_1_16' title="bbox 584 1455 2010 1520; baseline -0.001 -16"><span class='ocrx_word' id='word_1_117' title='bbox 584 1457 925 1514; x_wconf 84' lang='lat' dir='ltr'>mendicantes,</span> <span class='ocrx_word' id='word_1_118' title='bbox 949 1457 1257 1504; x_wconf 83' lang='lat' dir='ltr'>castrensium</span> <span class='ocrx_word' id='word_1_119' title='bbox 1272 1473 1367 1503; x_wconf 88' lang='lat' dir='ltr'>esse</span> <span class='ocrx_word' id='word_1_120' title='bbox 1381 1455 1715 1520; x_wconf 78' lang='lat' dir='ltr'>explorabant,</span> <span class='ocrx_word' id='word_1_121' title='bbox 1738 1467 1786 1503; x_wconf 89' lang='lat' dir='ltr'>et</span> <span class='ocrx_word' id='word_1_122' title='bbox 1799 1472 2010 1502; x_wconf 88' lang='lat' dir='ltr'>remean-</span> 
     </span>
     <span class='ocr_line' id='line_1_17' title="bbox 585 1532 2004 1595; baseline -0.004 -14"><span class='ocrx_word' id='word_1_123' title='bbox 585 1545 672 1593; x_wconf 83' lang='lat' dir='ltr'>tes,</span> <span class='ocrx_word' id='word_1_124' title='bbox 695 1535 862 1580; x_wconf 82' lang='lat' dir='ltr'>Turcis</span> <span class='ocrx_word' id='word_1_125' title='bbox 884 1532 1194 1590; x_wconf 86' lang='lat' dir='ltr'>intimabant,</span> <span class='ocrx_word' id='word_1_126' title='bbox 1221 1545 1266 1579; x_wconf 92' lang='lat' dir='ltr'>et</span> <span class='ocrx_word' id='word_1_127' title='bbox 1290 1533 1354 1580; x_wconf 91' lang='lat' dir='ltr'>sic</span> <span class='ocrx_word' id='word_1_128' title='bbox 1377 1534 1440 1579; x_wconf 87' lang='lat' dir='ltr'>eis</span> <span class='ocrx_word' id='word_1_129' title='bbox 1466 1533 1673 1579; x_wconf 89' lang='lat' dir='ltr'>multum</span> <span class='ocrx_word' id='word_1_130' title='bbox 1695 1532 1898 1579; x_wconf 84' lang='lat' dir='ltr'>oberant</span> <span class='ocrx_word' id='word_1_131' title='bbox 1921 1533 2004 1595; x_wconf 68' lang='grc'>(4)</span> 
     </span>
     <span class='ocr_line' id='line_1_18' title="bbox 587 1611 2010 1676; baseline -0.003 -16"><span class='ocrx_word' id='word_1_132' title='bbox 587 1612 874 1660; x_wconf 88' lang='lat' dir='ltr'>Antiocheni</span> <span class='ocrx_word' id='word_1_133' title='bbox 899 1629 1032 1676; x_wconf 86' lang='lat' dir='ltr'>ergo,</span> <span class='ocrx_word' id='word_1_134' title='bbox 1058 1612 1297 1674; x_wconf 78' lang='lat' dir='ltr'>patefactis</span> <span class='ocrx_word' id='word_1_135' title='bbox 1320 1612 1629 1658; x_wconf 85' lang='lat' dir='ltr'>castrensium</span> <span class='ocrx_word' id='word_1_136' title='bbox 1654 1611 1891 1667; x_wconf 88' lang='lat' dir='ltr'>consiliis,</span> <span class='ocrx_word' id='word_1_137' title='bbox 1914 1627 2010 1657; x_wconf 91' lang='lat' dir='ltr'>coe-</span> 
     </span>
     <span class='ocr_line' id='line_1_19' title="bbox 588 1688 2010 1755; baseline -0.004 -17"><span class='ocrx_word' id='word_1_138' title='bbox 588 1701 764 1755; x_wconf 86' lang='lat' dir='ltr'>perunt</span> <span class='ocrx_word' id='word_1_139' title='bbox 799 1690 1026 1754; x_wconf 89' lang='lat' dir='ltr'>paulatim</span> <span class='ocrx_word' id='word_1_140' title='bbox 1052 1688 1277 1753; x_wconf 88' lang='lat' dir='ltr'>intrepidi</span> <span class='ocrx_word' id='word_1_141' title='bbox 1304 1688 1525 1753; x_wconf 89' lang='lat' dir='ltr'>prodire,</span> <span class='ocrx_word' id='word_1_142' title='bbox 1563 1700 1609 1736; x_wconf 88' lang='lat' dir='ltr'>et</span> <span class='ocrx_word' id='word_1_143' title='bbox 1632 1689 1911 1752; x_wconf 84' lang='lat' dir='ltr'>peregrinos</span> <span class='ocrx_word' id='word_1_144' title='bbox 1935 1705 2010 1752; x_wconf 88' lang='lat' dir='ltr'>ag-</span> 
     </span>
     <span class='ocr_line' id='line_1_20' title="bbox 588 1765 2012 1833; baseline -0.003 -18"><span class='ocrx_word' id='word_1_145' title='bbox 588 1768 822 1833; x_wconf 83' lang='lat' dir='ltr'>gressibus</span> <span class='ocrx_word' id='word_1_146' title='bbox 846 1777 1156 1831; x_wconf 77' lang='lat' dir='ltr'>coangustare</span> <span class='ocrx_word' id='word_1_147' title='bbox 1171 1803 1183 1824; x_wconf 95' lang='lat'>,</span> <span class='ocrx_word' id='word_1_148' title='bbox 1212 1776 1258 1813; x_wconf 86' lang='lat' dir='ltr'>et</span> <span class='ocrx_word' id='word_1_149' title='bbox 1283 1767 1494 1813; x_wconf 87' lang='lat' dir='ltr'>incautos</span> <span class='ocrx_word' id='word_1_150' title='bbox 1519 1765 1781 1822; x_wconf 85' lang='lat' dir='ltr'>trucidare,</span> <span class='ocrx_word' id='word_1_151' title='bbox 1805 1775 1851 1812; x_wconf 81' lang='lat' dir='ltr'>et</span> <span class='ocrx_word' id='word_1_152' title='bbox 1870 1765 2012 1812; x_wconf 87' lang='lat' dir='ltr'>latro-</span> 
     </span>
     <span class='ocr_line' id='line_1_21' title="bbox 588 1843 2010 1910; baseline -0.004 -16"><span class='ocrx_word' id='word_1_153' title='bbox 588 1848 745 1902; x_wconf 82' lang='lat' dir='ltr'>ciniis,</span> <span class='ocrx_word' id='word_1_154' title='bbox 789 1846 985 1910; x_wconf 88' lang='lat' dir='ltr'>aliisque</span> <span class='ocrx_word' id='word_1_155' title='bbox 1021 1843 1509 1892; x_wconf 77' lang='lat' dir='ltr'>circumventionibus</span> <span class='ocrx_word' id='word_1_156' title='bbox 1549 1860 1822 1908; x_wconf 81' lang='lat' dir='ltr'>aggravare.</span> <span class='ocrx_word' id='word_1_157' title='bbox 1860 1844 1936 1890; x_wconf 89' lang='lat' dir='ltr'>Sic</span> <span class='ocrx_word' id='word_1_158' title='bbox 1962 1844 2010 1890; x_wconf 90' lang='lat' dir='ltr'>in</span> 
     </span>
     <span class='ocr_line' id='line_1_22' title="bbox 589 1921 2014 1979; baseline -0.004 -8"><span class='ocrx_word' id='word_1_159' title='bbox 589 1925 791 1972; x_wconf 87' lang='lat' dir='ltr'>circuitu</span> <span class='ocrx_word' id='word_1_160' title='bbox 810 1939 976 1970; x_wconf 87' lang='lat' dir='ltr'>omnes</span> <span class='ocrx_word' id='word_1_161' title='bbox 998 1923 1094 1968; x_wconf 86' lang='lat' dir='ltr'>vias</span> <span class='ocrx_word' id='word_1_162' title='bbox 1121 1921 1432 1979; x_wconf 86' lang='lat' dir='ltr'>obsidebant,</span> <span class='ocrx_word' id='word_1_163' title='bbox 1455 1932 1502 1968; x_wconf 89' lang='lat' dir='ltr'>et</span> <span class='ocrx_word' id='word_1_164' title='bbox 1524 1940 1547 1967; x_wconf 91' lang='lat' dir='ltr'>a</span> <span class='ocrx_word' id='word_1_165' title='bbox 1570 1921 1689 1967; x_wconf 86' lang='lat' dir='ltr'>mari</span> <span class='ocrx_word' id='word_1_166' title='bbox 1713 1931 1760 1968; x_wconf 88' lang='lat' dir='ltr'>et</span> <span class='ocrx_word' id='word_1_167' title='bbox 1782 1939 1804 1967; x_wconf 88' lang='lat' dir='ltr'>a</span> <span class='ocrx_word' id='word_1_168' title='bbox 1831 1931 2014 1968; x_wconf 84' lang='lat' dir='ltr'>monta-</span> 
     </span>
     <span class='ocr_line' id='line_1_23' title="bbox 589 1998 2014 2063; baseline -0.004 -14"><span class='ocrx_word' id='word_1_169' title='bbox 589 2004 661 2050; x_wconf 90' lang='lat' dir='ltr'>nis</span> <span class='ocrx_word' id='word_1_170' title='bbox 693 2002 854 2049; x_wconf 86' lang='lat' dir='ltr'>omnia</span> <span class='ocrx_word' id='word_1_171' title='bbox 887 2000 1166 2047; x_wconf 87' lang='lat' dir='ltr'>Christianis</span> <span class='ocrx_word' id='word_1_172' title='bbox 1193 1998 1494 2046; x_wconf 89' lang='lat' dir='ltr'>claudebant.</span> <span class='ocrx_word' id='word_1_173' title='bbox 1533 1999 1666 2063; x_wconf 88' lang='lat' dir='ltr'>Pejus</span> <span class='ocrx_word' id='word_1_174' title='bbox 1702 1999 1858 2063; x_wconf 87' lang='lat' dir='ltr'>itaque</span> <span class='ocrx_word' id='word_1_175' title='bbox 1891 1998 2014 2044; x_wconf 88' lang='lat' dir='ltr'>obsi-</span> 
     </span>
     <span class='ocr_line' id='line_1_24' title="bbox 588 2075 2009 2145; baseline -0.005 -17"><span class='ocrx_word' id='word_1_176' title='bbox 588 2080 824 2128; x_wconf 88' lang='lat' dir='ltr'>debantur</span> <span class='ocrx_word' id='word_1_177' title='bbox 861 2080 942 2145; x_wconf 87' lang='lat' dir='ltr'>qui</span> <span class='ocrx_word' id='word_1_178' title='bbox 969 2078 1083 2126; x_wconf 84' lang='lat' dir='ltr'>soris</span> <span class='ocrx_word' id='word_1_179' title='bbox 1107 2089 1268 2135; x_wconf 79' lang='lat' dir='ltr'>erant,</span> <span class='ocrx_word' id='word_1_180' title='bbox 1304 2096 1446 2142; x_wconf 87' lang='lat' dir='ltr'>quam</span> <span class='ocrx_word' id='word_1_181' title='bbox 1471 2077 1551 2142; x_wconf 89' lang='lat' dir='ltr'>qui</span> <span class='ocrx_word' id='word_1_182' title='bbox 1585 2077 1711 2123; x_wconf 83' lang='lat' dir='ltr'>intus</span> <span class='ocrx_word' id='word_1_183' title='bbox 1743 2075 2009 2122; x_wconf 86' lang='lat' dir='ltr'>latitabant.</span> 
     </span>
     <span class='ocr_line' id='line_1_25' title="bbox 589 2152 2009 2223; baseline -0.006 -17"><span class='ocrx_word' id='word_1_184' title='bbox 589 2161 658 2205; x_wconf 92' lang='lat' dir='ltr'>De</span> <span class='ocrx_word' id='word_1_185' title='bbox 693 2159 915 2223; x_wconf 87' lang='lat' dir='ltr'>proximo</span> <span class='ocrx_word' id='word_1_186' title='bbox 938 2157 1128 2204; x_wconf 88' lang='lat' dir='ltr'>castello</span> <span class='ocrx_word' id='word_1_187' title='bbox 1152 2156 1260 2202; x_wconf 88' lang='lat' dir='ltr'>satis</span> <span class='ocrx_word' id='word_1_188' title='bbox 1282 2156 1493 2211; x_wconf 88' lang='lat' dir='ltr'>munito,</span> <span class='ocrx_word' id='word_1_189' title='bbox 1522 2155 1715 2201; x_wconf 85' lang='lat' dir='ltr'>nomine</span> <span class='ocrx_word' id='word_1_190' title='bbox 1736 2152 1891 2200; x_wconf 82' lang='lat' dir='ltr'>Arech</span> <span class='ocrx_word' id='word_1_191' title='bbox 1916 2153 2009 2216; x_wconf 66' lang='lat'>(5),</span> 
     </span>
    </p>
   </div>
   <div class='ocr_carea' id='block_1_3' title="bbox 592 2309 2018 2841">
    <p class='ocr_par' dir='ltr' id='par_1_3' title="bbox 592 2309 2015 2415">
     <span class='ocr_line' id='line_1_26' title="bbox 638 2309 2015 2365; baseline -0.008 -11"><span class='ocrx_word' id='word_1_192' title='bbox 638 2320 689 2365; x_wconf 84' lang='lat'>(1)</span> <span class='ocrx_word' id='word_1_193' title='bbox 710 2320 758 2353; x_wconf 92' lang='lat' dir='ltr'>Le</span> <span class='ocrx_word' id='word_1_194' title='bbox 775 2316 957 2352; x_wconf 84' lang='lat' dir='ltr'>mercredi</span> <span class='ocrx_word' id='word_1_195' title='bbox 976 2327 1016 2351; x_wconf 82' lang='lat'>21</span> <span class='ocrx_word' id='word_1_196' title='bbox 1038 2314 1187 2358; x_wconf 68' lang='lat' dir='ltr'>octobr-e</span> <span class='ocrx_word' id='word_1_197' title='bbox 1213 2325 1312 2361; x_wconf 73' lang='lat'><strong>¹097·</strong></span> <span class='ocrx_word' id='word_1_198' title='bbox 1338 2314 1490 2348; x_wconf 81' lang='lat' dir='ltr'>Suivant</span> <span class='ocrx_word' id='word_1_199' title='bbox 1512 2311 1725 2348; x_wconf 83' lang='lat' dir='ltr'>Guillaume</span> <span class='ocrx_word' id='word_1_200' title='bbox 1745 2310 1790 2345; x_wconf 90' lang='lat' dir='ltr'>de</span> <span class='ocrx_word' id='word_1_201' title='bbox 1808 2310 1898 2356; x_wconf 89' lang='lat' dir='ltr'>Tyr,</span> <span class='ocrx_word' id='word_1_202' title='bbox 1917 2309 2015 2356; x_wconf 60' lang='lat' dir='ltr'>‹g’au-</span> 
     </span>
     <span class='ocr_line' id='line_1_27' title="bbox 592 2376 864 2415; baseline -0.015 0"><span class='ocrx_word' id='word_1_203' title='bbox 592 2380 664 2415; x_wconf 81' lang='lat' dir='ltr'>rait</span> <span class='ocrx_word' id='word_1_204' title='bbox 680 2380 739 2413; x_wconf 79' lang='lat' dir='ltr'>ete</span> <span class='ocrx_word' id='word_1_205' title='bbox 757 2377 790 2412; x_wconf 91' lang='lat' dir='ltr'>le</span> <span class='ocrx_word' id='word_1_206' title='bbox 811 2376 864 2412; x_wconf 89' lang='lat'>18.</span> 
     </span>
    </p>

    <p class='ocr_par' dir='ltr' id='par_1_4' title="bbox 638 2433 1138 2483">
     <span class='ocr_line' id='line_1_28' title="bbox 638 2433 1138 2483; baseline -0.008 -11"><span class='ocrx_word' id='word_1_207' title='bbox 638 2439 688 2483; x_wconf 81' lang='lat'>(2)</span> <span class='ocrx_word' id='word_1_208' title='bbox 708 2438 756 2472; x_wconf 92' lang='lat' dir='ltr'>Le</span> <span class='ocrx_word' id='word_1_209' title='bbox 770 2435 875 2483; x_wconf 89' lang='lat' dir='ltr'>jeudi</span> <span class='ocrx_word' id='word_1_210' title='bbox 892 2434 914 2470; x_wconf 81' lang='lat'>5</span> <span class='ocrx_word' id='word_1_211' title='bbox 929 2435 1014 2481; x_wconf 84' lang='lat' dir='ltr'>juin</span> <span class='ocrx_word' id='word_1_212' title='bbox 1038 2433 1138 2482; x_wconf 86' lang='lat'>1098.</span> 
     </span>
    </p>

    <p class='ocr_par' dir='ltr' id='par_1_5' title="bbox 639 2495 1063 2543">
     <span class='ocr_line' id='line_1_29' title="bbox 639 2495 1063 2543; baseline -0.002 -12"><span class='ocrx_word' id='word_1_213' title='bbox 639 2496 690 2543; x_wconf 75' lang='lat'>(3)</span> <span class='ocrx_word' id='word_1_214' title='bbox 710 2496 770 2531; x_wconf 90' lang='lat' dir='ltr'>Du</span> <span class='ocrx_word' id='word_1_215' title='bbox 787 2496 868 2531; x_wconf 79' lang='lat' dir='ltr'>cote</span> <span class='ocrx_word' id='word_1_216' title='bbox 888 2495 938 2530; x_wconf 91' lang='lat' dir='ltr'>du</span> <span class='ocrx_word' id='word_1_217' title='bbox 958 2495 1063 2530; x_wconf 82' lang='lat' dir='ltr'>midi.</span> 
     </span>
    </p>

    <p class='ocr_par' dir='ltr' id='par_1_6' title="bbox 594 2551 2014 2665">
     <span class='ocr_line' id='line_1_30' title="bbox 639 2551 2014 2602; baseline -0.007 -10"><span class='ocrx_word' id='word_1_218' title='bbox 639 2559 690 2602; x_wconf 60' lang='lat'>(4)</span> <span class='ocrx_word' id='word_1_219' title='bbox 708 2557 851 2602; x_wconf 65' lang='lat' dir='ltr'>Voyez,</span> <span class='ocrx_word' id='word_1_220' title='bbox 872 2555 961 2589; x_wconf 85' lang='lat' dir='ltr'>dans</span> <span class='ocrx_word' id='word_1_221' title='bbox 982 2554 1195 2590; x_wconf 83' lang='lat' dir='ltr'>Guillaume</span> <span class='ocrx_word' id='word_1_222' title='bbox 1218 2553 1263 2588; x_wconf 86' lang='lat' dir='ltr'>de</span> <span class='ocrx_word' id='word_1_223' title='bbox 1287 2554 1376 2600; x_wconf 65' lang='lat' dir='ltr'>Tyr,</span> <span class='ocrx_word' id='word_1_224' title='bbox 1403 2552 1550 2586; x_wconf 79' lang='lat' dir='ltr'>l&#39;atroce</span> <span class='ocrx_word' id='word_1_225' title='bbox 1572 2551 1790 2597; x_wconf 78' lang='lat' dir='ltr'>stratageme</span> <span class='ocrx_word' id='word_1_226' title='bbox 1814 2561 1860 2584; x_wconf 88' lang='lat' dir='ltr'>au</span> <span class='ocrx_word' id='word_1_227' title='bbox 1883 2561 2014 2595; x_wconf 87' lang='lat' dir='ltr'>moyen</span> 
     </span>
     <span class='ocr_line' id='line_1_31' title="bbox 594 2610 1877 2665; baseline -0.005 -14"><span class='ocrx_word' id='word_1_228' title='bbox 594 2616 731 2665; x_wconf 79' lang='lat' dir='ltr'>‹luquel</span> <span class='ocrx_word' id='word_1_229' title='bbox 750 2615 940 2651; x_wconf 82' lang='lat' dir='ltr'>Boeiuond</span> <span class='ocrx_word' id='word_1_230' title='bbox 956 2615 1167 2650; x_wconf 82' lang='lat' dir='ltr'>debarrassa</span> <span class='ocrx_word' id='word_1_231' title='bbox 1185 2614 1333 2649; x_wconf 77' lang='lat' dir='ltr'>l&#39;armee</span> <span class='ocrx_word' id='word_1_232' title='bbox 1351 2613 1566 2647; x_wconf 85' lang='lat' dir='ltr'>chretienue</span> <span class='ocrx_word' id='word_1_233' title='bbox 1584 2611 1630 2646; x_wconf 86' lang='lat' dir='ltr'>de</span> <span class='ocrx_word' id='word_1_234' title='bbox 1647 2622 1705 2645; x_wconf 89' lang='lat' dir='ltr'>ces</span> <span class='ocrx_word' id='word_1_235' title='bbox 1721 2610 1877 2657; x_wconf 90' lang='lat' dir='ltr'>espions.</span> 
     </span>
    </p>

    <p class='ocr_par' dir='ltr' id='par_1_7' title="bbox 597 2667 2018 2841">
     <span class='ocr_line' id='line_1_32' title="bbox 640 2667 2015 2723; baseline -0.007 -12"><span class='ocrx_word' id='word_1_236' title='bbox 640 2678 690 2723; x_wconf 88' lang='lat'>(5)</span> <span class='ocrx_word' id='word_1_237' title='bbox 709 2677 756 2711; x_wconf 93' lang='lat' dir='ltr'>Le</span> <span class='ocrx_word' id='word_1_238' title='bbox 770 2676 923 2711; x_wconf 69' lang='lat' dir='ltr'>chateau</span> <span class='ocrx_word' id='word_1_239' title='bbox 942 2675 986 2710; x_wconf 87' lang='lat' dir='ltr'>de</span> <span class='ocrx_word' id='word_1_240' title='bbox 1005 2676 1171 2718; x_wconf 82' lang='lat' dir='ltr'>Harenc,</span> <span class='ocrx_word' id='word_1_241' title='bbox 1190 2675 1266 2709; x_wconf 67' lang='lat' dir='ltr'>bati</span> <span class='ocrx_word' id='word_1_242' title='bbox 1287 2686 1348 2708; x_wconf 86' lang='lat' dir='ltr'>sur</span> <span class='ocrx_word' id='word_1_243' title='bbox 1366 2685 1437 2707; x_wconf 83' lang='lat' dir='ltr'>une</span> <span class='ocrx_word' id='word_1_244' title='bbox 1456 2672 1654 2715; x_wconf 78' lang='lat' dir='ltr'>elevation,</span> <span class='ocrx_word' id='word_1_245' title='bbox 1674 2672 1691 2704; x_wconf 76' lang='lat' dir='ltr'>a</span> <span class='ocrx_word' id='word_1_246' title='bbox 1707 2670 1801 2704; x_wconf 80' lang='lat' dir='ltr'>deux</span> <span class='ocrx_word' id='word_1_247' title='bbox 1817 2669 1950 2704; x_wconf 85' lang='lat' dir='ltr'>heures</span> <span class='ocrx_word' id='word_1_248' title='bbox 1966 2667 2015 2702; x_wconf 90' lang='lat' dir='ltr'>du</span> 
     </span>
     <span class='ocr_line' id='line_1_33' title="bbox 597 2727 2017 2782; baseline -0.008 -11"><span class='ocrx_word' id='word_1_249' title='bbox 597 2739 689 2772; x_wconf 83' lang='lat' dir='ltr'>Pont</span> <span class='ocrx_word' id='word_1_250' title='bbox 710 2735 755 2770; x_wconf 89' lang='lat' dir='ltr'>de</span> <span class='ocrx_word' id='word_1_251' title='bbox 773 2736 855 2778; x_wconf 81' lang='lat' dir='ltr'>Fer,</span> <span class='ocrx_word' id='word_1_252' title='bbox 878 2742 981 2782; x_wconf 75' lang='lat' dir='ltr'>porte</span> <span class='ocrx_word' id='word_1_253' title='bbox 996 2747 1127 2769; x_wconf 86' lang='lat' dir='ltr'>encore</span> <span class='ocrx_word' id='word_1_254' title='bbox 1142 2733 1377 2780; x_wconf 69' lang='lat' dir='ltr'>aujourd’liui</span> <span class='ocrx_word' id='word_1_255' title='bbox 1394 2731 1426 2766; x_wconf 91' lang='lat' dir='ltr'>le</span> <span class='ocrx_word' id='word_1_256' title='bbox 1446 2744 1528 2766; x_wconf 82' lang='lat' dir='ltr'>noni</span> <span class='ocrx_word' id='word_1_257' title='bbox 1552 2730 1596 2765; x_wconf 88' lang='lat' dir='ltr'>de</span> <span class='ocrx_word' id='word_1_258' title='bbox 1617 2727 1889 2764; x_wconf 85' lang='lat' dir='ltr'>Kirliz-Kalessi</span> <span class='ocrx_word' id='word_1_259' title='bbox 1908 2727 2017 2770; x_wconf 71' lang='lat' dir='ltr'>(cha-</span> 
     </span>
     <span class='ocr_line' id='line_1_34' title="bbox 598 2785 2018 2841; baseline -0.007 -11"><span class='ocrx_word' id='word_1_260' title='bbox 598 2805 677 2832; x_wconf 59' lang='lat' dir='ltr'>{cau</span> <span class='ocrx_word' id='word_1_261' title='bbox 697 2796 758 2831; x_wconf 80' lang='lat' dir='ltr'>dcs</span> <span class='ocrx_word' id='word_1_262' title='bbox 780 2799 905 2841; x_wconf 78' lang='lat' dir='ltr'>jeunes</span> <span class='ocrx_word' id='word_1_263' title='bbox 931 2794 1056 2837; x_wconf 49' lang='lat' dir='ltr'>fillesl,</span> <span class='ocrx_word' id='word_1_264' title='bbox 1085 2807 1148 2840; x_wconf 75' lang='lat' dir='ltr'>par</span> <span class='ocrx_word' id='word_1_265' title='bbox 1172 2793 1202 2828; x_wconf 83' lang='lat' dir='ltr'>la</span> <span class='ocrx_word' id='word_1_266' title='bbox 1229 2792 1438 2829; x_wconf 73' lang='lat' dir='ltr'>traduction</span> <span class='ocrx_word' id='word_1_267' title='bbox 1461 2789 1597 2836; x_wconf 83' lang='lat' dir='ltr'>duquel</span> <span class='ocrx_word' id='word_1_268' title='bbox 1620 2788 1749 2824; x_wconf 79' lang='lat' dir='ltr'>Albert</span> <span class='ocrx_word' id='word_1_269' title='bbox 1772 2786 1878 2822; x_wconf 80' lang='lat' dir='ltr'>d&#39;Aix</span> <span class='ocrx_word' id='word_1_270' title='bbox 1899 2786 1930 2821; x_wconf 87' lang='lat' dir='ltr'>le</span> <span class='ocrx_word' id='word_1_271' title='bbox 1947 2785 2018 2820; x_wconf 74' lang='lat' dir='ltr'>de-</span> 
     </span>
    </p>
   </div>
  </div>
 </body>
</html>
