2085 3455
446 326 491 360 18
806 317 1046 357 HISTORIA
1077 316 1476 355 ECCLESIASTICA.

440 421 493 455 ut
513 407 729 455 monachi
758 407 1012 470 petierunt.
1040 404 1260 450 Praesatus
1285 413 1439 449 autem
1466 401 1691 448 Ricardus
1708 401 1841 447 valde

442 486 748 550 locupletatus
764 494 848 538 est,
872 494 919 529 et
936 481 1144 527 Henrico
1163 482 1263 545 regi
1286 481 1481 537 amicus,
1507 481 1630 525 inter
1649 496 1841 542 compa-

442 581 514 610 res
528 581 633 610 suos
642 561 964 626 magnificatus
976 569 1060 605 est.
1080 559 1237 623 Usque
1253 557 1310 604 ad
1321 568 1609 604 senectutem
1619 573 1842 621 prospere

440 642 581 698 vixit,
613 652 659 687 et
691 657 748 686 ex
774 639 971 703 conjuge
991 654 1070 683 sua
1096 654 1146 682 xi
1182 635 1302 682 filios
1321 647 1368 682 et
1392 653 1466 683 1111
1502 634 1617 681 filias
1650 634 1839 689 habuit,

439 718 609 783 quibus
641 718 741 764 haec
774 716 919 762 indita
954 725 1063 760 sunt
1085 713 1310 760 vocabula
1337 733 1347 758 :
1378 714 1540 776 Hngo,
1576 709 1844 758 Goisfredus

441 807 487 841 et
505 795 730 842 Ricardus
741 830 753 850 ‚
775 793 1014 839 „lohannes
1034 802 1078 838 et
1096 789 1382 846 Rodbertus,
1404 789 1506 835 Odo
1523 800 1569 835 et
1587 789 1840 842 Henricus,

439 874 522 920 lvo
537 883 582 919 et
594 872 838 927 Rodulsus,
859 870 1138 916 Guillelmus
1150 879 1196 914 et
1210 868 1464 925 Henricus3
1485 866 1638 913 Rohes
1650 884 1702 912 ac
1725 865 1845 911 Ade-

444 951 554 1007 liza,
580 948 819 994 Mathildis
846 959 892 993 et
916 947 1096 993 Avicia.
1131 947 1205 992 Ex
1234 945 1304 992 his
1326 946 1420 991 duo
1445 945 1503 991 ab
1528 945 1721 990 infantia
1748 944 1846 988 Deo

441 1026 579 1072 dicati
604 1037 728 1071 sunt.
757 1024 995 1071 Johannes
1020 1024 1147 1069 enim
1176 1022 1475 1069 monachatui
1498 1022 1729 1068 Uticensis
1751 1021 1847 1066 Ec—

443 1104 593 1150 clesiae
618 1102 827 1148 addictus
851 1112 944 1156 est,
973 1111 1020 1147 et
1046 1099 1254 1146 Adelidis
1280 1101 1325 1145 in
1353 1099 1578 1146 coenobio
1611 1100 1656 1145 S.
1681 1099 1847 1144 Trini-

444 1181 549 1226 tatis
572 1179 763 1225 cadomi
783 1178 1152 1224 sanctimonialis
1171 1176 1335 1223 effecta
1359 1188 1442 1223 est.

505 1255 684 1302 Deinde
696 1272 822 1301 anno
834 1254 893 1300 ab
912 1254 1237 1300 incarnatione
1248 1254 1441 1299 Domini
1457 1262 1510 1298 ΜΟ
1523 1263 1564 1299 c⁰
1579 1260 1663 1299 xx⁰
1675 1261 1722 1299 v³
1735 1271 1848 1316 prae-

440 1335 558 1380 fatus
580 1331 805 1379 Ricardus
820 1341 868 1378 x⁰
884 1331 1073 1377 vl1⁰kal.
1096 1329 1305 1377 octobris
1325 1331 1365 1392 (ι
1381 1335 1395 1390 )
1411 1329 1531 1376 obiit
1545 1366 1556 1386 ,
1579 1331 1848 1394 etsequenti

443 1428 568 1457 anno
592 1409 714 1456 filius
739 1411 833 1474 ejus
857 1410 994 1472 Hugo
1019 1408 1211 1453 Uticum
1234 1407 1386 1464 venit,
1417 1407 1659 1453 scutellam
1677 1424 1851 1471 argen-

445 1500 566 1534 team
595 1489 693 1534 Deo
735 1504 874 1550 super
912 1487 1057 1532 altare
1089 1484 1289 1540 obtulit,
1322 1494 1368 1530 et
1398 1485 1557 1530 omnia
1587 1502 1692 1548 quae
1717 1495 1851 1548 pater

443 1568 537 1629 ejus
563 1566 643 1628 (ut
660 1582 798 1627 supra
822 1564 1001 1610 dictum
1026 1563 1119 1626 est)
1138 1561 1330 1608 dederat
1345 1597 1356 1617 ‚
1378 1561 1583 1608 libenter
1605 1563 1848 1617 concessit,

443 1642 715 1707 donumque
729 1658 867 1705 super
880 1658 1009 1687 aram
1026 1641 1208 1704 posuit;
1231 1656 1276 1685 se
1296 1640 1435 1685 etiam
1450 1656 1507 1685 ex
1524 1650 1625 1686 toto
1642 1639 1847 1685 devovit.

509 1720 568 1766 V.
597 1721 855 1767 Serenitate
882 1718 1097 1783 prosperi
1124 1718 1348 1781 temporis
1374 1716 1634 1774 arridente,
1664 1717 1851 1763 Maine—

446 1798 542 1843 rius
575 1796 717 1843 abbas
751 1797 797 1842 in
836 1795 1058 1860 Angliam
1094 1803 1229 1843 x³1v⁰
1253 1811 1378 1841 anno
1408 1794 1651 1858 regiminis
1681 1794 1749 1839 sui
1783 1794 1851 1856 (23

449 1873 788 1929 transfretavit,
821 1883 867 1919 et
894 1872 1151 1936 Rogerium
1174 1870 1231 1917 de
1250 1870 1499 1917 Guarenna
1515 1907 1526 1928 ,
1550 1870 1854 1934 Drogonem-

446 1967 536 2015 que
568 1949 625 1996 de
657 1950 1038 1996 Novo-Mercato
1073 1966 1231 1996 secum
1268 1947 1478 1994 adduxit.
1519 1948 1710 1994 Curiam
1743 1965 1855 1994 vero

447 2028 686 2075 Guillelmi
703 2029 826 2092 regis
838 2028 880 2090 (a
894 2044 989 2092 quo
1009 2027 1249 2073 multoties
1267 2026 1515 2073 accersitus
1531 2026 1702 2088 suerat)
1721 2024 1853 2082 adiit,

448 2116 494 2151 et
510 2107 824 2151 Lansrancum
840 2103 1241 2168 archipraesulem,
1267 2104 1474 2167 aliosque
1492 2102 1579 2148 sibi
1596 2102 1855 2148 carissimos

450 2183 688 2228 caritative
711 2182 931 2228 visitavit.
960 2181 1001 2227 A
1021 2198 1130 2245 rege
1150 2192 1196 2227 et
1212 2180 1518 2244 optimatibus
1540 2181 1635 2244 ejus
1655 2178 1856 2225 honori-

450 2259 534 2306 fice
566 2270 802 2322 susceptus
831 2270 921 2316 est,
958 2270 1005 2306 et
1036 2258 1202 2304 fratres
1237 2258 1467 2304 Uticensis
1503 2256 1707 2303 ecclesiae
1736 2273 1858 2318 pru-

450 2335 579 2383 (lenti
614 2336 755 2382 affatu
778 2336 1050 2383 exhortatus
1072 2347 1141 2383 est
1162 2356 1172 2381 ε
1196 2336 1298 2382 illos
1323 2336 1499 2382 scilicet
1536 2335 1616 2398 qui
1648 2333 1704 2379 de
1728 2333 1856 2379 Nor-

451 2414 639 2460 mannia
696 2415 931 2470 exierant,
979 2425 1024 2460 et
1075 2415 1121 2460 in
1180 2413 1349 2478 Anglia
1401 2411 1732 2459 exuberantius
1779 2427 1858 2474 spe

453 2491 689 2537 sublimati
711 2492 913 2538 fuerant.
946 2493 1156 2538 Illustres
1179 2508 1366 2556 quoque
1390 2489 1610 2536 monachi
1635 2507 1659 2535 a
1679 2488 1859 2535 nobiti-

453 2567 538 2615 bus
581 2570 715 2633 regni
751 2568 1026 2632 proceribus
1058 2569 1314 2633 gaudenter
1349 2567 1545 2630 suscepti
1567 2577 1701 2624 sunt,
1725 2575 1772 2611 et
1801 2564 1858 2611 de

501 2753 551 2799 (ι)
569 2751 617 2787 Le
635 2750 673 2786 15
692 2751 895 2798 septembre
923 2751 1020 2786 1125.

501 2814 550 2857 (α)
570 2812 621 2845 En
642 2811 739 2845 1081.
