2085 3455
566 304 644 341 «190
931 301 1174 340 HlS'sORIA
1205 295 1610 338 ECCLESIASTICA.
1837 304 1972 353 [1096]

566 391 699 435 Tunc
725 389 861 434 multi
897 388 1278 434 Christianorum
1304 386 1461 451 gladio
1494 386 1783 434 ceciderunt.
1817 387 1863 433 Si
1892 389 1972 452 qui

568 483 679 512 vero
719 476 979 528 potuerunt
993 501 1005 521 ‚
1054 465 1160 528 fuga
1207 464 1348 526 elapsi
1367 499 1379 519 ,
1425 473 1579 510 castro
1621 463 1799 526 recepti
1846 474 1970 510 sunt.

566 542 670 600 Quo
707 540 914 605 undique
955 541 1168 597 obsesso,
1207 540 1366 586 statim
1398 538 1551 586 hostes
1582 539 1772 585 inclusis
1807 556 1976 604 aquam

564 619 878 666 abstulerunt.
899 619 1024 665 Fons
1047 630 1093 664 et
1117 629 1283 682 puteus
1296 653 1309 675 ‚
1336 634 1431 682 quo
1468 617 1711 664 castellum
1742 627 1976 663 sustenta-

565 695 724 754 batur,
745 707 875 742 extra
897 706 999 742 erat
1012 731 1024 751 ,
1046 713 1190 759 quem
1202 705 1460 759 utrumque
1478 694 1682 740 viriliter
1699 693 1978 757 circumsep-

566 785 668 819 tum
702 774 826 837 legio
866 773 1138 819 Turcorum
1172 771 1494 818 indesinenter
1530 770 1829 825 observabat.
1870 772 1977 818 Sitis

566 851 721 915 itaque
744 851 941 896 nimiam
974 849 1413 896 incommoditatem
1436 849 1607 896 obsessi
1632 866 1718 913 per
1741 848 1838 895 dies
1868 859 1977 896 octo

564 930 914 985 sustinuerunt3
940 927 1017 973 sed
1036 926 1099 974 ob
1121 928 1414 974 nimietatem
1435 928 1665 974 scelerum
1689 938 1735 973 et
1755 926 1978 974 duritiam

565 1005 781 1052 cordium
804 1005 979 1051 anxiati
1002 1015 1135 1061 sunt,
1160 1021 1245 1051 nec
1275 1023 1298 1050 a
1321 1005 1420 1051 Deo
1439 1003 1647 1069 adevari
1680 1014 1976 1051 meruerunt.

565 1082 778 1129 Tandem
797 1082 891 1128 dux
916 1100 1082 1130 eorum
1102 1100 1209 1128 cum
1228 1084 1396 1129 Turcis
1414 1082 1686 1129 consiliatus
1704 1092 1798 1139 est,
1823 1082 1979 1146 eisque

566 1178 778 1218 suorum,
798 1161 833 1205 si
849 1171 1022 1224 posset,
1038 1159 1361 1223 proditionem
1379 1162 1581 1206 fratrum
1595 1170 1757 1223 pactus
1774 1169 1858 1205 est.
1877 1159 1980 1205 Rai-

566 1237 730 1283 naldus
768 1238 931 1302 igitur,
962 1237 1143 1302 fingens
1179 1254 1225 1284 se
1262 1237 1319 1283 ad
1343 1237 1526 1283 bellum
1550 1236 1836 1301 procedere,
1873 1253 1979 1283 eum

566 1316 727 1362 multis
756 1317 926 1373 exivit,
956 1334 1008 1363 ac
1037 1315 1094 1362 ad
1126 1315 1308 1362 Turcos
1345 1316 1584 1379 transfuga
1620 1315 1757 1379 sugit.
1792 1312 1979 1360 Residui

565 1411 679 1441 vero
704 1394 1000 1441 inhonestam
1019 1393 1310 1440 deditionem
1327 1394 1475 1456 coacti
1495 1393 1736 1451 fecerunt,
1759 1403 1805 1438 et
1823 1391 1981 1455 despe-
2011 1420 2024 1434 κ

566 1483 749 1529 rantes,
777 1471 1146 1519 abominabilem
1171 1473 1449 1535 apostasiam
1474 1472 1520 1517 in
1549 1471 1704 1518 Deum
1726 1470 1981 1517 commise-

566 1559 697 1594 runt.
724 1550 876 1595 Porro
904 1549 995 1605 illi,
1024 1549 1105 1612 qui
1125 1548 1231 1594 fidei
1252 1566 1346 1594 suae
1373 1548 1699 1594 testimonium
1721 1546 1982 1611 perhibue-

566 1637 705 1683 runt,
743 1627 990 1690 capitalem
1016 1627 1301 1672 sententiam
1324 1625 1599 1684 subierunt,
1623 1625 1696 1672 vel
1722 1627 1768 1671 in
1792 1625 1982 1689 signum

568 1704 726 1766 positi,
749 1705 953 1767 sagittati
975 1715 1109 1761 sunt,
1133 1704 1208 1750 vel
1229 1703 1289 1749 ab
1309 1705 1513 1751 invicem
1536 1702 1691 1760 divisi,
1719 1703 1802 1748 vili
1826 1703 1982 1766 pretio

571 1781 851 1839 venundati,
877 1782 950 1827 vel
973 1782 1018 1826 in
1039 1782 1309 1844 captivitate
1330 1799 1438 1827 cum
1460 1780 1682 1827 Bertaldo
1708 1781 1884 1828 comite
1907 1779 1983 1826 ab·

568 1860 714 1905 ducti.
741 1860 873 1905 Hanc
899 1868 972 1905 111O
992 1858 1213 1914 kalendas
1231 1858 1442 1906 octobris
1462 1859 1533 1922 (1)
1551 1859 1757 1922 primam
1772 1874 1983 1922 persecu-

571 1938 749 1983 tionem
759 1936 1011 1983 Christiani
1026 1937 1228 2000 perpessi
1239 1947 1366 1994 sunt,
1379 1938 1499 1983 etsie
1508 1936 1776 1993 Alemanni,
1786 1936 1982 2000 aliaeque

570 2025 730 2077 gentes
753 2015 799 2059 in
816 2014 1108 2060 Corosanum
1131 2016 1149 2077 ζ
1156 2015 1202 2077 2)
1210 2050 1221 2071 ‚
1239 2014 1314 2060 vel
1333 2012 1505 2077 Aleph,
1519 2012 1738 2076 captivati
1752 2022 1878 2059 sunt.
1893 2011 1982 2059 Sed

568 2092 649 2155 qui
672 2092 718 2136 in
744 2090 834 2136 fide
848 2090 1020 2136 Christi
1040 2101 1424 2153 permanserunt,
1446 2090 1654 2154 glorioso
1677 2088 1770 2136 fine
1789 2089 1982 2154 quieve-

570 2178 700 2214 runt.
731 2166 898 2213 Franci
925 2167 1101 2231 quippe
1115 2168 1214 2232 jam
1237 2167 1379 2232 longe
1401 2177 1763 2231 praecesserant,
1785 2177 1832 2213 et
1855 2165 1981 2213 Che-

569 2256 777 2292 vetotem
799 2244 968 2291 urbem
996 2246 1066 2308 (ὅ)
1093 2247 1408 2302 intraverant,
1436 2263 1579 2310 quam
1611 2245 1803 2291 Alexius
1827 2245 1982 2308 impe-

530 2359 533 2362 .
572 2335 704 2369 rator
724 2341 876 2386 nuper
900 2336 1174 2371 construere
1195 2335 1430 2388 coeperat,
1455 2335 1501 2371 et
1519 2323 1709 2388 Anglis,
1731 2323 1812 2388 qui
1831 2323 1981 2369 asacie

572 2401 813 2447 Guillelmi
834 2401 978 2447 Nothi
998 2403 1239 2467 fugerant,
1264 2401 1449 2448 tradere
1466 2402 1679 2448 voluerat
1688 2420 1702 2459 3
1727 2400 1806 2448 sed
1824 2399 1982 2464 prohi-

619 2610 667 2653 (1)
690 2608 736 2642 Le
756 2619 801 2655 29
818 2609 1039 2654 septembre.

619 2669 669 2713 (2)
691 2669 735 2702 Le
753 2668 927 2703 Korazan.
942 2689 986 2694 -
1000 2669 1102 2717 Alep.

620 2727 669 2773 (5)
690 2730 743 2763 Au
765 2729 852 2774 sujci
882 2728 926 2763 110
948 2737 1041 2763 celte
1060 2730 1162 2769 ville,
1188 2742 1292 2777 voyez
1316 2729 1521 2773 01-(1655115,
1548 2737 1570 2763 t.
1593 2730 1646 2772 H,
1677 2742 1711 2776 pf
1749 2728 1812 2777 175
1837 2736 1872 2764 et,
1903 2732 1975 2777 1734,

576 2787 649 2822 Luc
666 2794 719 2822 cst
736 2787 935 2834 remplacde
953 2788 1184 2833 aujwrd'hui
1208 2803 1272 2836 par
1288 2790 1320 2825 le
1336 2790 1453 2837 bourg
1473 2797 1554 2826 turc
1578 2789 1622 2825 de
1640 2788 1828 2825 Ghemlik.
