2033 3445
42 299 316 353 [1083-1085]
519 298 672 336 LIBER
701 297 968 336 SEPTIMUS.
1379 301 1452 339 197

41 386 352 450 Beugicorum
372 385 668 430 Suzannense
685 394 892 429 castrum
912 381 1163 439 ditaretur,
1183 392 1229 427 et
1244 383 1454 446 quotidie

40 463 96 511 ad
118 461 428 509 resistendum
452 462 598 524 magis
619 461 862 525 magisque
881 461 1249 507 confortaretur.
1281 461 1455 507 Multo-

41 543 122 588 ties
155 540 371 603 opulenti
406 539 811 585 Normannorum.
840 550 887 585 et
924 539 1192 602 Anglorum
1234 555 1454 601 proceres

40 617 360 682 capiebantur,
399 633 606 680 quorum
642 615 1051 680 redemptionibus
1084 616 1369 673 vicecomes,
1408 627 1454 662 et

39 695 270 743 Robertus
302 693 580 758 Burgundio
614 694 712 756 (1),
757 696 885 758 cujus
922 704 1112 757 neptem
1151 694 1197 739 in
1231 694 1453 758 conjugio

39 772 260 828 habebat,
296 772 469 836 aliique
498 771 734 836 adjutores
762 773 830 817 sui
862 771 1124 818 honorifice
1155 771 1449 818 ditabantur.

38 850 110 897 Sic
135 849 287 895 tribus
315 849 451 895 annis
475 848 716 895 Hubertus
741 848 1035 896 Normannis
1060 849 1258 904 restitit,
1286 859 1332 894 et
1356 850 1453 895 iui-

38 929 270 974 micorum
293 926 462 990 opibus
490 927 721 990 locuples,
760 927 962 973 invictus
985 927 1262 990 permansit.
1289 928 1342 972 In
1368 926 1452 974 hac

37 1021 202 1069 guerra
228 1004 466 1052 Robertus
491 1004 547 1050 (le
571 1005 914 1052 Veteri-Ponte
940 1006 1036 1068 (2),
1065 1016 1111 1051 et
1135 1005 1373 1052 Robertus
1395 1005 1454 1052 de

35 1081 181 1127 Uxeio
199 1082 289 1145 (3),
312 1081 485 1145 aliique
501 1081 676 1145 egregii
698 1082 1090 1135 Normannorum
1109 1082 1308 1140 milites,
1328 1083 1451 1128 mul-

37 1168 227 1223 tumque
250 1158 469 1222 lugendi,
496 1160 636 1205 occisi
661 1170 788 1205 sunt.
812 1160 936 1205 Nam
959 1169 1008 1205 x⁰
1029 1170 1098 1206 1v⁰
1124 1159 1345 1206 kalendas
1367 1159 1452 1206 de-

34 1235 233 1283 cemhris
245 1237 315 1299 (4)
325 1274 334 1291 ‚
348 1235 460 1282 dum
473 1236 794 1283 Normanniea
809 1236 979 1284 cohors
995 1239 1222 1301 impetum
1238 1239 1284 1283 in
1297 1237 1451 1285 hostes

32 1312 229 1372 faceret,
255 1312 447 1377 quidam
473 1330 592 1376 puer
628 1313 882 1370 imberbis,
911 1314 992 1378 qui
1021 1331 1149 1360 secus
1176 1315 1297 1360 viam
1327 1316 1450 1361 inter

0 1404 10 1408 ·
30 1407 196 1454 vepres
229 1390 529 1438 absconditus
560 1402 688 1450 erat,
727 1393 945 1456 sagittam
977 1393 1158 1447 emisit,
1193 1403 1240 1438 et
1276 1392 1453 1438 Richo-

30 1469 157 1514 rium
180 1467 237 1514 de
261 1467 432 1532 Aquila
449 1504 460 1523 ,
499 1468 755 1532 Engenulfi
779 1469 931 1514 filium
964 1470 1038 1532 (5)
1058 1505 1071 1526 ,
1100 1469 1340 1516 lethaliter
1364 1471 1451 1516 sub

30 1546 170 1592 oculo
197 1545 441 1608 percussit.
478 1545 708 1592 Ful-entes
736 1556 891 1592 autem
925 1547 1037 1593 socii
1069 1559 1447 1605 concurrerunt,

32 1634 77 1669 et
102 1640 306 1686 puerum
334 1623 491 1668 statim
522 1623 1014 1687 comprehenderunt,
1049 1635 1188 1688 atque
1216 1642 1306 1688 pro
1335 1626 1450 1672 vin-

75 1851 125 1897 (1)
142 1850 283 1886 Robert
298 1851 354 1886 dit
370 1850 402 1885 le
417 1851 684 1897 Bourguignon
698 1879 706 1895 ,
725 1853 931 1899 quatrieme
952 1852 1005 1886 fils
1023 1852 1068 1887 de
1085 1853 1239 1888 Iit-nand
1258 1855 1316 1898 ΙΝ,
1330 1863 1450 1891 comte

31 1909 228 1946 ‹l‘Auxerre
256 1918 294 1946 et
323 1911 368 1945 de
398 1911 553 1952 Rex-ers,
577 1913 712 1958 epousa
731 1924 776 1946 en
797 1912 971 1946 secondes
993 1925 1101 1947 noces
1123 1914 1248 1958 Bene,
1275 1928 1386 1951 venre
1404 1916 1449 1951 de

33 1969 171 2006 Robert
188 1970 233 2006 de
246 1971 355 2006 Vitre
367 1998 376 2014 ‚
394 1970 464 2005 fille
479 1978 515 2005 et
533 1971 711 2006 lieritiere
727 1971 772 2006 (lc
786 1972 931 2007 Guerin
946 2000 954 2014 ,
970 1973 1041 2007 sire
1059 1972 1104 2007 dc
1122 1974 1256 2009 Craon.
1278 1974 1446 2017 Renaud,

31 2029 84 2064 fils
111 2029 156 2065 de
182 2030 324 2066 Robert
354 2038 390 2065 et,
422 2030 616 2065 ‹l’Havoise
644 2031 720 2066 dite
747 2031 779 2065 la
808 2031 989 2074 Blanclie‚
1011 2045 1046 2066 sa
1083 2035 1264 2079 premiere
1293 2035 1446 2080 senune,

31 2091 162 2137 epousa
190 2082 409 2137 Enoguene,
441 2090 513 2125 fille
534 2090 578 2125 de
597 2103 637 2125 ce
660 2091 779 2126 menie
800 2090 942 2126 Robert
961 2092 1005 2127 de
1029 2093 1136 2126 Viti-14
1156 2100 1191 2127 et
1212 2093 1257 2129 de
1276 2106 1312 2128 sa
1336 2095 1447 2130 belle-

30 2150 144 2193 mere,
176 2151 283 2186 Berte
311 2150 356 2185 de
386 2151 526 2193 Craon,
547 2158 583 2185 et
601 2150 727 2185 devint
743 2151 833 2186 ainsi
853 2151 885 2186 la
904 2153 980 2199 tige
999 2152 1044 2187 dc
1072 2153 1104 2187 la
1131 2154 1288 2189 seconde
1309 2156 1447 2191 maison

30 2208 74 2244 de
92 2210 224 2245 Craon.

74 2270 123 2315 (2)
143 2270 284 2305 Robert
304 2270 349 2305 de
374 2270 632 2314 Yieux-Pont,
660 2277 791 2304 canton
815 2263 1035 2306 d'Eeouclie.
1061 2272 1112 2307 Ce
1134 2285 1178 2306 ne
1205 2275 1353 2320 pouvait
1371 2275 1450 2309 etse

31 2329 484 2377 Vieux-Pont-en-Auge,
514 2331 605 2365 dont
634 2330 667 2364 le
697 2330 881 2377 seigneur,
914 2333 1062 2366 nonime
1089 2333 1343 2379 pareillenient
1371 2334 1448 2369 Ro-

30 2387 127 2433 bert,
160 2391 252 2425 avait
280 2391 355 2437 pris
386 2391 518 2425 l'habit
546 2391 776 2437 monastique
798 2392 815 2424 ii
843 2391 1094 2427 Kotre-Dame
1114 2392 1159 2427 (le
1178 2394 1447 2430 Saint-Pieme-

33 2449 218 2493 sur-Dive,
239 2450 380 2496 d'apres
401 2449 433 2483 la
450 2450 576 2484 charte
591 2449 635 2484 de
655 2450 773 2484 llenri
792 2450 835 2483 1⁰*
850 2462 894 2484 en
913 2450 1037 2485 saveur
1050 2451 1095 2486 de
1112 2459 1208 2487 cette
1226 2453 1332 2500 abba)
1344 2468 1375 2489 e.

79 2507 127 2555 (5)
159 2509 300 2544 Robert
327 2509 446 2544 d'Ussi
476 2511 559 2556 pres
588 2510 739 2544 Falaise.
773 2510 834 2545 On
861 2512 936 2545 voit
965 2511 1101 2558 [igurer
1125 2512 1216 2547 dans
1240 2527 1288 2547 un
1309 2522 1386 2563 acte
1405 2516 1450 2549 (le

38 2581 121 2604 1122
149 2570 366 2616 (cartulaire
397 2570 442 2606 de
473 2572 656 2616 Treui-n),
684 2583 735 2605 un
755 2578 859 2605 auu-e
879 2583 1106 2619 personnage
1133 2573 1182 2607 (lu
1205 2575 1324 2609 nieme
1345 2587 1447 2617 noni,

33 2627 213 2663 Roberlus
229 2629 274 2663 de
301 2630 436 2673 Uxela,
454 2629 733 2677 probablenient
755 2630 808 2664 fils
824 2630 868 2665 de
888 2630 1048 2666 celui-ci.

79 2688 129 2734 (4)
147 2689 194 2723 Le
215 2689 253 2724 18
273 2690 484 2724 novembre.

81 2748 130 2794 (5)
161 2749 297 2784 Richvi-
328 2751 372 2785 (lc
396 2751 536 2794 Laigto,
572 2750 701 2785 §mand
737 2750 788 2784 [ils
814 2750 1073 2797 ‹l'lingeuulte,
1104 2755 1163 2786 1υύ
1195 2756 1211 2788 5«
1244 2754 1275 2788 la
1307 2754 1449 2789 batailh·

37 2805 258 2853 d'Hastings.
407 2812 409 2815 ’
