2085 3455
478 261 555 298 618
822 258 1064 297 HISTORIA
1094 256 1499 296 ECCLESIASTICA.
1533 259 1634 306 [X1v0
1647 270 1734 295 Avo.
1758 259 1877 308 1099]

478 345 562 390 visi
585 355 847 391 stantarum
872 346 944 408 (1)
967 363 992 391 a
1016 345 1156 410 longe
1177 343 1498 400 considerans,
1524 342 1651 407 quod
1676 343 1724 390 in
1754 361 1878 389 sum-

479 422 641 467 mitate
680 421 824 469 hastae
864 439 1059 469 aureum
1093 439 1289 486 pomum
1329 419 1558 478 habebat,
1605 420 1729 466 hasta
1767 438 1880 468 vero

480 509 677 561 argento
707 497 931 546 decenter
961 509 1182 562 cooperta
1213 496 1470 554 albicabat,
1499 495 1581 542 ubi
1610 497 1762 560 ipsum
1788 514 1882 544 esse

480 575 815 639 deprehendit,
857 577 1075 624 audacter
1114 593 1199 640 per
1236 574 1410 623 medias
1447 575 1565 621 acies
1599 592 1740 638 super
1777 592 1885 622 eum

485 652 650 710 irruit,
684 663 730 699 et
764 653 972 718 graviter
1002 653 1059 699 ad
1088 663 1293 700 mortem
1323 651 1605 698 vulneravit.
1639 650 1774 710 Quod
1806 652 1885 697 ui-

483 730 633 776 mium
655 731 910 794 gentilibus
930 731 1153 777 timorem
1176 729 1383 777 incussit.
1405 728 1570 775 Comes
1588 728 1728 774 etiam
1753 727 1889 774 Flan-

484 807 606 853 drita
633 807 867 855 hostiliter
892 824 971 854 eos
994 808 1186 864 invasit,
1215 818 1261 853 et
1281 805 1550 853 Tancredus
1573 822 1658 869 per
1682 804 1889 851 medium

487 884 746 930 tentorium
771 883 1118 946 imperterritus
1146 899 1226 929 eos
1251 882 1501 945 impetivit.
1527 881 1698 927 Milites
1720 882 1889 944 pagani

486 978 599 1007 mox
617 961 777 1024 fugam
796 961 1023 1007 inierunt.
1042 960 1289 1023 AEthiopes
1303 959 1543 1022 stupefacti
1561 958 1887 1005 substiterunt.

488 1037 586 1082 Rex
610 1047 769 1083 autem
801 1047 849 1083 et
875 1037 1171 1084 Francorum
1199 1034 1416 1100 quidam,
1439 1033 1496 1081 ad
1518 1033 1763 1097 AEthiopes
1784 1050 1893 1080 con-

488 1115 609 1161 versi
652 1125 700 1161 et
746 1113 812 1160 ibi
851 1115 1199 1179 aliquantulum
1237 1112 1500 1169 demorati,
1548 1128 1628 1158 eos
1670 1121 1894 1175 tanquam

489 1203 689 1256 segetem
717 1193 766 1238 in
790 1203 1059 1239 transverso
1082 1191 1245 1256 gladiis
1268 1190 1510 1249 secabant,
1537 1200 1585 1236 et
1606 1205 1773 1237 eorum
1796 1205 1898 1235 cor-

490 1287 607 1333 pora
628 1269 963 1317 detruncantes
980 1269 1308 1317 dimidiabant.
1330 1268 1493 1332 Campi
1516 1268 1742 1331 sanguine
1764 1267 1901 1312 inun-

491 1346 744 1406 dabantur,
771 1360 818 1395 et
843 1350 1010 1412 passim
1035 1348 1287 1395 morticina
1311 1346 1561 1411 gentilium
1581 1343 1900 1392 obvolveban-

494 1436 588 1471 tur.
629 1426 883 1473 Christiani
912 1427 1142 1490 fugientes
1170 1425 1364 1471 insecuti
1391 1434 1516 1470 sunt.
1551 1422 1788 1479 Gentiles,
1815 1421 1899 1467 Dei

493 1504 670 1550 virtute
704 1503 990 1560 tremefacti,
1019 1520 1114 1549 non
1158 1500 1397 1547 habebant
1432 1501 1590 1546 locum
1616 1497 1896 1561 respirandi.

495 1579 628 1626 Oculi
662 1597 830 1627 eorum
864 1582 942 1643 (ut
971 1579 1031 1626 ab
1060 1579 1154 1636 his,
1181 1580 1262 1643 qui
1288 1589 1560 1635 evaserunt,
1588 1587 1748 1640 postea
1776 1575 1902 1621 rela-

498 1669 598 1703 tum
615 1659 707 1721 est)
734 1658 796 1704 ita
821 1658 1166 1722 caligaverunt,
1188 1668 1238 1702 ut
1260 1656 1431 1719 apertis
1449 1654 1595 1701 oculis
1614 1653 1903 1699 Christianos

497 1735 575 1780 vix
608 1746 798 1797 possent
832 1734 1020 1792 videre,
1052 1735 1172 1780 nihil
1203 1744 1359 1780 autem
1390 1732 1588 1779 omnino
1617 1732 1681 1777 eis
1712 1747 1899 1778 nocere.

498 1813 637 1858 Multi
664 1823 829 1859 contra
856 1830 1029 1876 paucos
1054 1812 1293 1859 oblatrare
1318 1827 1416 1856 non
1439 1809 1695 1865 audebant,
1722 1808 1904 1853 multis-

500 1907 591 1954 que
614 1890 765 1937 modis
786 1890 983 1937 evadere
1004 1889 1292 1954 satagebant.
1315 1887 1404 1934 Sed
1426 1887 1735 1951 praevalentes
1756 1886 1904 1932 nostri

502 1966 715 2013 ethnicos
740 1967 787 2013 in
814 1984 1064 2014 commune
1083 1964 1372 2029 puniebant,
1398 1964 1610 2027 nullique
1632 1959 1905 2025 parcebant.

504 2043 708 2090 Lethalis
741 2044 897 2108 itaque
931 2044 1028 2090 dies
1051 2044 1242 2107 paganis
1267 2041 1570 2096 incubuerat,
1605 2057 1696 2103 qua
1729 2038 1906 2084 nemini

505 2121 706 2168 dabatur
729 2121 953 2168 evadendi
991 2122 1194 2178 occasio,
1221 2120 1329 2184 quia
1356 2121 1403 2165 in
1430 2116 1706 2173 arboribUS,
1734 2132 1908 2179 scopu-

507 2198 684 2262 lisque,
721 2210 769 2246 et
802 2200 850 2246 in
886 2216 1195 2246 cavernarum
1231 2196 1467 2253 latibulis,
1503 2195 1710 2241 victricis
1745 2210 1912 2240 manus

508 2276 651 2322 armis
678 2277 847 2340 passim
873 2276 1146 2323 interibant.

557 2418 607 2462 (1)
634 2417 863 2451 L⁷etendard.
888 2417 1002 2452 Notre
1023 2423 1153 2451 auteur
1174 2423 1257 2451 veut
1281 2415 1361 2450 dire
1385 2426 1455 2461 que
1479 2413 1634 2455 Robert,
1661 2412 1772 2446 averti
1796 2423 1860 2457 pai·
1884 2410 1915 2443 la

512 2478 684 2522 presence
700 2476 745 2511 de
761 2483 817 2510 cet
837 2477 1013 2511 etendard
1032 2477 1079 2511 du
1095 2476 1169 2510 lieu
1184 2477 1231 2510 ou
1252 2488 1288 2509 se
1304 2475 1463 2509 trouvait
1479 2473 1511 2507 le
1526 2472 1612 2507 visir
1629 2471 1718 2505 dans
1732 2470 1764 2503 la
1782 2469 1894 2504 melec
1905 2498 1912 2509 ,

514 2535 661 2570 marcha
675 2535 773 2569 droit
786 2538 803 2569 21
822 2535 872 2569 lui
886 2543 920 2570 et
933 2535 966 2570 le
977 2536 1091 2570 blessa
1105 2541 1334 2581 gravement3
1349 2533 1553 2580 supprimez
1564 2531 1614 2565 les
1627 2537 1718 2564 mots
1734 2544 1740 2563 z
1761 2529 1814 2563 ad
1823 2542 1916 2563 mor-

516 2602 596 2629 tem.
616 2595 716 2629 Nous
729 2606 929 2641 supposons
944 2608 1014 2642 que
1033 2603 1089 2630 cet
1102 2594 1279 2629 etendard
1292 2594 1392 2635 emit,
1408 2604 1549 2627 comme
1566 2591 1621 2625 sut
1635 2590 1716 2636 plus
1727 2588 1808 2623 tard
1822 2588 1914 2623 celui

515 2656 559 2689 dc
576 2655 1047 2690 Richard-Coeur-dc-Lion
1059 2658 1077 2689 a
1088 2655 1120 2689 la
1132 2654 1403 2696 Terre-Samio,
1420 2664 1490 2687 unc
1503 2651 1636 2697 longue
1648 2656 1779 2698 poutre
1792 2652 1916 2697 poi-{cc

518 2728 577 2748 sin·
597 2727 643 2749 un
665 2715 803 2748 clmriot
826 2717 843 2748 a
863 2722 990 2761 quatre
1011 2727 1131 2753 roues,
1157 2722 1191 2749 et
1213 2714 1418 2749 surmontec
1436 2712 1543 2746 d'unc
1563 2711 1736 2746 banniere
1752 2724 1799 2745 ou
1816 2718 1915 2745 auti-cv

517 2776 616 2821 <igne
636 2775 679 2810 de
700 2774 920 2818 rallicnicnt,
942 2776 1004 2821 qui
1022 2775 1186 2810 ‹levcnait
1202 2775 1235 2809 le
1254 2782 1374 2808 mun-e
1396 2773 1443 2806 du
1464 2784 1567 2818 corps
1586 2771 1753 2805 d'armde.
