<?xml version="1.0" encoding="UTF-8"?>
<!DOCTYPE html PUBLIC "-//W3C//DTD XHTML 1.0 Transitional//EN"
    "http://www.w3.org/TR/xhtml1/DTD/xhtml1-transitional.dtd">
<html xmlns="http://www.w3.org/1999/xhtml" xml:lang="en" lang="en">
 <head>
  <title>
</title>
<meta http-equiv="Content-Type" content="text/html;charset=utf-8" />
  <meta name='ocr-system' content='tesseract 3.04.00' />
  <meta name='ocr-capabilities' content='ocr_page ocr_carea ocr_par ocr_line ocrx_word'/>
</head>
<body>
  <div class='ocr_page' id='page_1' title='image "./ordericivitalish03ordeuoft/ordericivitalish03ordeuoft_0544.png"; bbox 0 0 2085 3455; ppageno 0'>
   <div class='ocr_carea' id='block_1_1' title="bbox 637 344 1674 385">
    <p class='ocr_par' dir='ltr' id='par_1_1' title="bbox 637 344 1674 385">
     <span class='ocr_line' id='line_1_1' title="bbox 637 344 1674 385; baseline -0.004 0"><span class='ocrx_word' id='word_1_1' title='bbox 637 346 713 385; x_wconf 77' lang='lat'><strong>434</strong></span> <span class='ocrx_word' id='word_1_2' title='bbox 999 345 1244 385; x_wconf 86' lang='lat' dir='ltr'>HISTORIA</span> <span class='ocrx_word' id='word_1_3' title='bbox 1273 344 1674 382; x_wconf 78' lang='lat' dir='ltr'><strong>ECCLESIASTICA.</strong></span> 
     </span>
    </p>
   </div>
   <div class='ocr_carea' id='block_1_2' title="bbox 774 431 1732 538">
    <p class='ocr_par' dir='ltr' id='par_1_2' title="bbox 774 431 1732 538">
     <span class='ocr_line' id='line_1_2' title="bbox 776 431 1732 478; baseline -0.003 -10"><span class='ocrx_word' id='word_1_4' title='bbox 776 433 934 478; x_wconf 78' lang='lat' dir='ltr'>Virgine</span> <span class='ocrx_word' id='word_1_5' title='bbox 954 431 999 466; x_wconf 79' lang='lat' dir='ltr'><strong>(le</strong></span> <span class='ocrx_word' id='word_1_6' title='bbox 1017 444 1115 466; x_wconf 84' lang='lat' dir='ltr'><strong>sacra</strong></span> <span class='ocrx_word' id='word_1_7' title='bbox 1132 432 1320 475; x_wconf 81' lang='lat' dir='ltr'><strong>Christus,</strong></span> <span class='ocrx_word' id='word_1_8' title='bbox 1341 443 1425 466; x_wconf 88' lang='lat' dir='ltr'><strong>cum</strong></span> <span class='ocrx_word' id='word_1_9' title='bbox 1446 438 1545 465; x_wconf 83' lang='lat' dir='ltr'><strong>tanta</strong></span> <span class='ocrx_word' id='word_1_10' title='bbox 1565 431 1732 465; x_wconf 86' lang='lat' dir='ltr'><strong>columna</strong></span> 
     </span>
     <span class='ocr_line' id='line_1_3' title="bbox 774 490 1668 538; baseline -0.001 -12"><span class='ocrx_word' id='word_1_11' title='bbox 774 492 918 526; x_wconf 76' lang='lat' dir='ltr'>Decidit</span> <span class='ocrx_word' id='word_1_12' title='bbox 936 491 1116 534; x_wconf 81' lang='lat' dir='ltr'><strong>Ecclesiae,</strong></span> <span class='ocrx_word' id='word_1_13' title='bbox 1140 491 1230 525; x_wconf 86' lang='lat' dir='ltr'><strong>nulli</strong></span> <span class='ocrx_word' id='word_1_14' title='bbox 1251 491 1384 538; x_wconf 78' lang='lat' dir='ltr'><strong>pietate</strong></span> <span class='ocrx_word' id='word_1_15' title='bbox 1405 490 1583 525; x_wconf 80' lang='lat' dir='ltr'><strong>secundus</strong></span> <span class='ocrx_word' id='word_1_16' title='bbox 1601 490 1668 537; x_wconf 83' lang='lat'>(1).</span> 
     </span>
    </p>
   </div>
   <div class='ocr_carea' id='block_1_3' title="bbox 622 584 2035 2577">
    <p class='ocr_par' dir='ltr' id='par_1_3' title="bbox 622 584 2035 2577">
     <span class='ocr_line' id='line_1_4' title="bbox 697 584 2035 649; baseline 0 -17"><span class='ocrx_word' id='word_1_17' title='bbox 697 586 878 634; x_wconf 85' lang='lat' dir='ltr'><strong>XXVI.</strong></span> <span class='ocrx_word' id='word_1_18' title='bbox 905 585 1047 632; x_wconf 80' lang='lat' dir='ltr'>Felici</span> <span class='ocrx_word' id='word_1_19' title='bbox 1067 595 1255 648; x_wconf 86' lang='lat' dir='ltr'><strong>patrum</strong></span> <span class='ocrx_word' id='word_1_20' title='bbox 1272 584 1534 631; x_wconf 78' lang='lat' dir='ltr'><strong>decessione</strong></span> <span class='ocrx_word' id='word_1_21' title='bbox 1559 585 1607 630; x_wconf 89' lang='lat' dir='ltr'><strong>in</strong></span> <span class='ocrx_word' id='word_1_22' title='bbox 1631 584 1818 631; x_wconf 79' lang='lat' dir='ltr'><strong>Christo</strong></span> <span class='ocrx_word' id='word_1_23' title='bbox 1835 585 2035 649; x_wconf 83' lang='lat' dir='ltr'><strong>migran-</strong></span> 
     </span>
     <span class='ocr_line' id='line_1_5' title="bbox 632 661 2035 727; baseline -0.001 -17"><span class='ocrx_word' id='word_1_24' title='bbox 632 665 768 720; x_wconf 84' lang='lat' dir='ltr'><strong>tium,</strong></span> <span class='ocrx_word' id='word_1_25' title='bbox 787 664 888 727; x_wconf 88' lang='lat' dir='ltr'><strong>pius</strong></span> <span class='ocrx_word' id='word_1_26' title='bbox 914 664 961 709; x_wconf 88' lang='lat' dir='ltr'><strong>in</strong></span> <span class='ocrx_word' id='word_1_27' title='bbox 983 663 1120 709; x_wconf 83' lang='lat' dir='ltr'><strong>terris</strong></span> <span class='ocrx_word' id='word_1_28' title='bbox 1144 673 1322 708; x_wconf 83' lang='lat' dir='ltr'><strong>moeret</strong></span> <span class='ocrx_word' id='word_1_29' title='bbox 1343 680 1477 708; x_wconf 89' lang='lat' dir='ltr'><strong>amor</strong></span> <span class='ocrx_word' id='word_1_30' title='bbox 1496 661 1729 717; x_wconf 87' lang='lat' dir='ltr'><strong>filiorum;</strong></span> <span class='ocrx_word' id='word_1_31' title='bbox 1748 662 1847 726; x_wconf 89' lang='lat' dir='ltr'><strong>qui,</strong></span> <span class='ocrx_word' id='word_1_32' title='bbox 1876 680 2035 726; x_wconf 85' lang='lat' dir='ltr'><strong>quam-</strong></span> 
     </span>
     <span class='ocr_line' id='line_1_6' title="bbox 631 738 2034 805; baseline -0.001 -16"><span class='ocrx_word' id='word_1_33' title='bbox 631 743 701 790; x_wconf 85' lang='lat' dir='ltr'><strong>vis</strong></span> <span class='ocrx_word' id='word_1_34' title='bbox 724 759 802 789; x_wconf 91' lang='lat' dir='ltr'><strong>eos</strong></span> <span class='ocrx_word' id='word_1_35' title='bbox 827 758 1029 805; x_wconf 86' lang='lat' dir='ltr'><strong>reguum</strong></span> <span class='ocrx_word' id='word_1_36' title='bbox 1059 739 1384 786; x_wconf 77' lang='lat' dir='ltr'><strong>indubitanter</strong></span> <span class='ocrx_word' id='word_1_37' title='bbox 1413 750 1568 803; x_wconf 80' lang='lat' dir='ltr'><strong>speret</strong></span> <span class='ocrx_word' id='word_1_38' title='bbox 1595 738 1842 786; x_wconf 84' lang='lat' dir='ltr'><strong>ascendere</strong></span> <span class='ocrx_word' id='word_1_39' title='bbox 1870 757 2034 803; x_wconf 86' lang='lat' dir='ltr'><strong>super-</strong></span> 
     </span>
     <span class='ocr_line' id='line_1_7' title="bbox 631 816 2030 880; baseline -0.001 -16"><span class='ocrx_word' id='word_1_40' title='bbox 631 836 745 864; x_wconf 92' lang='lat' dir='ltr'><strong>num</strong></span> <span class='ocrx_word' id='word_1_41' title='bbox 763 854 774 874; x_wconf 95' lang='lat'><strong>,</strong></span> <span class='ocrx_word' id='word_1_42' title='bbox 820 817 1068 863; x_wconf 74' lang='lat' dir='ltr'><strong>affectuose</strong></span> <span class='ocrx_word' id='word_1_43' title='bbox 1112 827 1266 862; x_wconf 82' lang='lat' dir='ltr'><strong>tamen</strong></span> <span class='ocrx_word' id='word_1_44' title='bbox 1316 816 1575 863; x_wconf 82' lang='lat' dir='ltr'><strong>absentiam</strong></span> <span class='ocrx_word' id='word_1_45' title='bbox 1619 816 1800 880; x_wconf 81' lang='lat' dir='ltr'><strong>plangit</strong></span> <span class='ocrx_word' id='word_1_46' title='bbox 1842 832 2030 874; x_wconf 88' lang='lat' dir='ltr'><strong>eorum,</strong></span> 
     </span>
     <span class='ocr_line' id='line_1_8' title="bbox 628 893 2034 942; baseline -0.001 0"><span class='ocrx_word' id='word_1_47' title='bbox 628 906 841 942; x_wconf 86' lang='lat' dir='ltr'><strong>metuens</strong></span> <span class='ocrx_word' id='word_1_48' title='bbox 862 895 1059 940; x_wconf 80' lang='lat' dir='ltr'><strong>nimiam</strong></span> <span class='ocrx_word' id='word_1_49' title='bbox 1077 893 1415 940; x_wconf 78' lang='lat' dir='ltr'><strong>desolationem</strong></span> <span class='ocrx_word' id='word_1_50' title='bbox 1435 894 1511 940; x_wconf 82' lang='lat' dir='ltr'><strong>liic</strong></span> <span class='ocrx_word' id='word_1_51' title='bbox 1531 895 1837 940; x_wconf 83' lang='lat' dir='ltr'><strong>exulantium.</strong></span> <span class='ocrx_word' id='word_1_52' title='bbox 1859 894 2034 941; x_wconf 85' lang='lat' dir='ltr'><strong>Verum</strong></span> 
     </span>
     <span class='ocr_line' id='line_1_9' title="bbox 628 970 2034 1034; baseline -0.001 -16"><span class='ocrx_word' id='word_1_53' title='bbox 628 972 785 1018; x_wconf 88' lang='lat' dir='ltr'><strong>divina</strong></span> <span class='ocrx_word' id='word_1_54' title='bbox 807 971 953 1034; x_wconf 88' lang='lat' dir='ltr'><strong>pietas</strong></span> <span class='ocrx_word' id='word_1_55' title='bbox 974 970 1233 1017; x_wconf 81' lang='lat' dir='ltr'><strong>Ecclesiam</strong></span> <span class='ocrx_word' id='word_1_56' title='bbox 1257 988 1387 1016; x_wconf 84' lang='lat' dir='ltr'><strong>suam</strong></span> <span class='ocrx_word' id='word_1_57' title='bbox 1412 970 1581 1017; x_wconf 81' lang='lat' dir='ltr'><strong>crebro</strong></span> <span class='ocrx_word' id='word_1_58' title='bbox 1599 971 1782 1027; x_wconf 80' lang='lat' dir='ltr'><strong>visitat,</strong></span> <span class='ocrx_word' id='word_1_59' title='bbox 1805 981 1848 1016; x_wconf 88' lang='lat' dir='ltr'><strong>et</strong></span> <span class='ocrx_word' id='word_1_60' title='bbox 1871 971 2034 1017; x_wconf 87' lang='lat' dir='ltr'><strong>invisi-</strong></span> 
     </span>
     <span class='ocr_line' id='line_1_10' title="bbox 629 1046 2029 1105; baseline -0.001 -11"><span class='ocrx_word' id='word_1_61' title='bbox 629 1049 712 1094; x_wconf 89' lang='lat' dir='ltr'><strong>bili</strong></span> <span class='ocrx_word' id='word_1_62' title='bbox 739 1059 845 1095; x_wconf 87' lang='lat' dir='ltr'><strong>actu</strong></span> <span class='ocrx_word' id='word_1_63' title='bbox 867 1047 1126 1094; x_wconf 83' lang='lat' dir='ltr'><strong>dulcedinis</strong></span> <span class='ocrx_word' id='word_1_64' title='bbox 1148 1065 1241 1093; x_wconf 75' lang='lat' dir='ltr'><strong>suae</strong></span> <span class='ocrx_word' id='word_1_65' title='bbox 1263 1047 1550 1104; x_wconf 84' lang='lat' dir='ltr'><strong>consolatur,</strong></span> <span class='ocrx_word' id='word_1_66' title='bbox 1575 1064 1632 1093; x_wconf 88' lang='lat' dir='ltr'><strong>ne</strong></span> <span class='ocrx_word' id='word_1_67' title='bbox 1656 1047 1703 1092; x_wconf 90' lang='lat' dir='ltr'><strong>in</strong></span> <span class='ocrx_word' id='word_1_68' title='bbox 1725 1047 1799 1092; x_wconf 83' lang='lat' dir='ltr'><strong>via</strong></span> <span class='ocrx_word' id='word_1_69' title='bbox 1822 1046 2029 1105; x_wconf 83' lang='lat' dir='ltr'><strong>deficiat,</strong></span> 
     </span>
     <span class='ocr_line' id='line_1_11' title="bbox 627 1123 2034 1190; baseline -0.001 -18"><span class='ocrx_word' id='word_1_70' title='bbox 627 1126 949 1190; x_wconf 78' lang='lat' dir='ltr'><strong>quotidieque,</strong></span> <span class='ocrx_word' id='word_1_71' title='bbox 965 1125 1111 1171; x_wconf 87' lang='lat' dir='ltr'><strong>missis</strong></span> <span class='ocrx_word' id='word_1_72' title='bbox 1125 1123 1181 1170; x_wconf 85' lang='lat' dir='ltr'><strong>ad</strong></span> <span class='ocrx_word' id='word_1_73' title='bbox 1202 1141 1303 1171; x_wconf 88' lang='lat' dir='ltr'><strong>eam</strong></span> <span class='ocrx_word' id='word_1_74' title='bbox 1319 1124 1518 1171; x_wconf 77' lang='lat' dir='ltr'><strong>fortibus</strong></span> <span class='ocrx_word' id='word_1_75' title='bbox 1538 1123 1853 1188; x_wconf 72' lang='lat' dir='ltr'><strong>agonothetis,</strong></span> <span class='ocrx_word' id='word_1_76' title='bbox 1871 1123 1927 1170; x_wconf 85' lang='lat' dir='ltr'><strong>ad</strong></span> <span class='ocrx_word' id='word_1_77' title='bbox 1946 1124 2034 1171; x_wconf 89' lang='lat' dir='ltr'><strong>luc-</strong></span> 
     </span>
     <span class='ocr_line' id='line_1_12' title="bbox 628 1200 2032 1264; baseline -0.001 -17"><span class='ocrx_word' id='word_1_78' title='bbox 628 1213 724 1248; x_wconf 85' lang='lat' dir='ltr'><strong>tam</strong></span> <span class='ocrx_word' id='word_1_79' title='bbox 748 1201 1044 1249; x_wconf 77' lang='lat' dir='ltr'><strong>corroborat.</strong></span> <span class='ocrx_word' id='word_1_80' title='bbox 1072 1202 1192 1248; x_wconf 81' lang='lat' dir='ltr'><strong>Hinc</strong></span> <span class='ocrx_word' id='word_1_81' title='bbox 1211 1202 1274 1247; x_wconf 85' lang='lat' dir='ltr'><strong>ait</strong></span> <span class='ocrx_word' id='word_1_82' title='bbox 1292 1200 1520 1264; x_wconf 85' lang='lat' dir='ltr'><strong>propheta</strong></span> <span class='ocrx_word' id='word_1_83' title='bbox 1550 1221 1558 1246; x_wconf 94' lang='lat'>:</span> <span class='ocrx_word' id='word_1_84' title='bbox 1583 1202 1683 1246; x_wconf 76' lang='lat' dir='ltr'><strong>Pro</strong></span> <span class='ocrx_word' id='word_1_85' title='bbox 1704 1200 1922 1264; x_wconf 58' lang='lat' dir='ltr'><strong>patribus</strong></span> <span class='ocrx_word' id='word_1_86' title='bbox 1943 1202 2032 1246; x_wconf 76' lang='lat' dir='ltr'><strong>lm&#39;s</strong></span> 
     </span>
     <span class='ocr_line' id='line_1_13' title="bbox 627 1269 2034 1342; baseline -0.001 -17"><span class='ocrx_word' id='word_1_87' title='bbox 627 1283 730 1325; x_wconf 72' lang='lat' dir='ltr'><strong>nati</strong></span> <span class='ocrx_word' id='word_1_88' title='bbox 752 1291 864 1325; x_wconf 75' lang='lat' dir='ltr'><strong>sunt</strong></span> <span class='ocrx_word' id='word_1_89' title='bbox 890 1269 1089 1342; x_wconf 68' lang='lat' dir='ltr'><strong>tibifilii</strong></span> <span class='ocrx_word' id='word_1_90' title='bbox 1115 1279 1206 1342; x_wconf 53' lang='grc' dir='ltr'><strong>(ρ).</strong></span> <span class='ocrx_word' id='word_1_91' title='bbox 1243 1277 1482 1341; x_wconf 82' lang='lat' dir='ltr'><strong>Apostolis</strong></span> <span class='ocrx_word' id='word_1_92' title='bbox 1509 1278 1637 1323; x_wconf 85' lang='lat' dir='ltr'><strong>enim</strong></span> <span class='ocrx_word' id='word_1_93' title='bbox 1666 1288 1785 1322; x_wconf 86' lang='lat' dir='ltr'><strong>astra</strong></span> <span class='ocrx_word' id='word_1_94' title='bbox 1818 1287 2034 1323; x_wconf 83' lang='lat' dir='ltr'><strong>transvo-</strong></span> 
     </span>
     <span class='ocr_line' id='line_1_14' title="bbox 628 1354 2032 1420; baseline -0.001 -18"><span class='ocrx_word' id='word_1_95' title='bbox 628 1356 834 1403; x_wconf 77' lang='lat' dir='ltr'><strong>lantibus</strong></span> <span class='ocrx_word' id='word_1_96' title='bbox 866 1356 1109 1420; x_wconf 86' lang='lat' dir='ltr'><strong>apostolici</strong></span> <span class='ocrx_word' id='word_1_97' title='bbox 1143 1355 1360 1402; x_wconf 80' lang='lat' dir='ltr'><strong>doctores</strong></span> <span class='ocrx_word' id='word_1_98' title='bbox 1393 1365 1738 1411; x_wconf 85' lang='lat' dir='ltr'><strong>successerunt,</strong></span> <span class='ocrx_word' id='word_1_99' title='bbox 1758 1355 1854 1419; x_wconf 60' lang='lat' dir='ltr'><strong>*qui</strong></span> <span class='ocrx_word' id='word_1_100' title='bbox 1885 1354 2032 1401; x_wconf 86' lang='lat' dir='ltr'><strong>verbis</strong></span> 
     </span>
     <span class='ocr_line' id='line_1_15' title="bbox 626 1432 2029 1498; baseline -0.003 -17"><span class='ocrx_word' id='word_1_101' title='bbox 626 1445 673 1481; x_wconf 85' lang='lat' dir='ltr'><strong>et</strong></span> <span class='ocrx_word' id='word_1_102' title='bbox 705 1433 952 1498; x_wconf 85' lang='lat' dir='ltr'><strong>operibus,</strong></span> <span class='ocrx_word' id='word_1_103' title='bbox 995 1434 1042 1479; x_wconf 91' lang='lat' dir='ltr'><strong>in</strong></span> <span class='ocrx_word' id='word_1_104' title='bbox 1080 1433 1210 1478; x_wconf 86' lang='lat' dir='ltr'><strong>atriis</strong></span> <span class='ocrx_word' id='word_1_105' title='bbox 1244 1433 1504 1479; x_wconf 81' lang='lat' dir='ltr'><strong>Jerusalem</strong></span> <span class='ocrx_word' id='word_1_106' title='bbox 1540 1443 1738 1488; x_wconf 84' lang='lat' dir='ltr'><strong>stantes,</strong></span> <span class='ocrx_word' id='word_1_107' title='bbox 1773 1432 2029 1489; x_wconf 78' lang='lat' dir='ltr'><strong>fulserunt,</strong></span> 
     </span>
     <span class='ocr_line' id='line_1_16' title="bbox 626 1510 2028 1576; baseline -0.001 -19"><span class='ocrx_word' id='word_1_108' title='bbox 626 1512 819 1576; x_wconf 86' lang='lat' dir='ltr'><strong>Deoque</strong></span> <span class='ocrx_word' id='word_1_109' title='bbox 850 1528 1044 1559; x_wconf 89' lang='lat' dir='ltr'><strong>suorum</strong></span> <span class='ocrx_word' id='word_1_110' title='bbox 1074 1512 1253 1557; x_wconf 75' lang='lat' dir='ltr'><strong>fructus</strong></span> <span class='ocrx_word' id='word_1_111' title='bbox 1286 1510 1506 1556; x_wconf 86' lang='lat' dir='ltr'><strong>laborum</strong></span> <span class='ocrx_word' id='word_1_112' title='bbox 1533 1510 1622 1555; x_wconf 91' lang='lat' dir='ltr'><strong>huc</strong></span> <span class='ocrx_word' id='word_1_113' title='bbox 1650 1526 1795 1574; x_wconf 83' lang='lat' dir='ltr'><strong>usque</strong></span> <span class='ocrx_word' id='word_1_114' title='bbox 1821 1520 2028 1572; x_wconf 66' lang='lat' dir='ltr'><strong>accepta-</strong></span> 
     </span>
     <span class='ocr_line' id='line_1_17' title="bbox 625 1586 2028 1651; baseline -0.002 -16"><span class='ocrx_word' id='word_1_115' title='bbox 625 1588 742 1635; x_wconf 87' lang='lat' dir='ltr'><strong>biles</strong></span> <span class='ocrx_word' id='word_1_116' title='bbox 765 1588 991 1635; x_wconf 83' lang='lat' dir='ltr'><strong>offerunt.</strong></span> <span class='ocrx_word' id='word_1_117' title='bbox 1021 1588 1094 1633; x_wconf 89' lang='lat' dir='ltr'><strong>En</strong></span> <span class='ocrx_word' id='word_1_118' title='bbox 1114 1624 1124 1643; x_wconf 94' lang='lat'><strong>,</strong></span> <span class='ocrx_word' id='word_1_119' title='bbox 1156 1587 1425 1634; x_wconf 71' lang='lat' dir='ltr'><strong>abundante</strong></span> <span class='ocrx_word' id='word_1_120' title='bbox 1461 1588 1710 1651; x_wconf 71' lang='lat' dir='ltr'><strong>iniquitate</strong></span> <span class='ocrx_word' id='word_1_121' title='bbox 1747 1588 1794 1633; x_wconf 88' lang='lat' dir='ltr'><strong>in</strong></span> <span class='ocrx_word' id='word_1_122' title='bbox 1827 1586 2028 1643; x_wconf 87' lang='lat' dir='ltr'><strong>mundo,</strong></span> 
     </span>
     <span class='ocr_line' id='line_1_18' title="bbox 626 1662 2033 1727; baseline -0.002 -17"><span class='ocrx_word' id='word_1_123' title='bbox 626 1664 817 1710; x_wconf 88' lang='lat' dir='ltr'><strong>uberius</strong></span> <span class='ocrx_word' id='word_1_124' title='bbox 842 1664 1007 1710; x_wconf 86' lang='lat' dir='ltr'><strong>crescit</strong></span> <span class='ocrx_word' id='word_1_125' title='bbox 1033 1662 1242 1709; x_wconf 79' lang='lat' dir='ltr'><strong>fidelium</strong></span> <span class='ocrx_word' id='word_1_126' title='bbox 1271 1664 1317 1708; x_wconf 87' lang='lat' dir='ltr'><strong>in</strong></span> <span class='ocrx_word' id='word_1_127' title='bbox 1344 1663 1576 1727; x_wconf 79' lang='lat' dir='ltr'><strong>religione</strong></span> <span class='ocrx_word' id='word_1_128' title='bbox 1598 1662 1808 1719; x_wconf 76' lang='lat' dir='ltr'><strong>devotio,</strong></span> <span class='ocrx_word' id='word_1_129' title='bbox 1838 1672 1884 1708; x_wconf 86' lang='lat' dir='ltr'><strong>et</strong></span> <span class='ocrx_word' id='word_1_130' title='bbox 1909 1662 2033 1708; x_wconf 86' lang='lat' dir='ltr'><strong>mul-</strong></span> 
     </span>
     <span class='ocr_line' id='line_1_19' title="bbox 626 1739 2033 1806; baseline -0.001 -18"><span class='ocrx_word' id='word_1_131' title='bbox 626 1742 831 1806; x_wconf 85' lang='lat' dir='ltr'><strong>tiplicata</strong></span> <span class='ocrx_word' id='word_1_132' title='bbox 862 1757 988 1805; x_wconf 83' lang='lat' dir='ltr'><strong>seges</strong></span> <span class='ocrx_word' id='word_1_133' title='bbox 1010 1741 1059 1786; x_wconf 88' lang='lat' dir='ltr'><strong>in</strong></span> <span class='ocrx_word' id='word_1_134' title='bbox 1084 1758 1198 1804; x_wconf 86' lang='lat' dir='ltr'><strong>agro</strong></span> <span class='ocrx_word' id='word_1_135' title='bbox 1223 1741 1372 1805; x_wconf 79' lang='lat' dir='ltr'><strong>surgit</strong></span> <span class='ocrx_word' id='word_1_136' title='bbox 1399 1741 1667 1787; x_wconf 85' lang='lat' dir='ltr'><strong>Dominico.</strong></span> <span class='ocrx_word' id='word_1_137' title='bbox 1699 1742 1751 1786; x_wconf 89' lang='lat' dir='ltr'><strong>In</strong></span> <span class='ocrx_word' id='word_1_138' title='bbox 1775 1739 1967 1786; x_wconf 87' lang='lat' dir='ltr'><strong>saltibus</strong></span> <span class='ocrx_word' id='word_1_139' title='bbox 1990 1751 2033 1787; x_wconf 86' lang='lat' dir='ltr'><strong>et</strong></span> 
     </span>
     <span class='ocr_line' id='line_1_20' title="bbox 627 1817 2032 1882; baseline 0 -17"><span class='ocrx_word' id='word_1_140' title='bbox 627 1818 965 1881; x_wconf 84' lang='lat' dir='ltr'><strong>campestribus</strong></span> <span class='ocrx_word' id='word_1_141' title='bbox 986 1818 1153 1881; x_wconf 88' lang='lat' dir='ltr'><strong>passim</strong></span> <span class='ocrx_word' id='word_1_142' title='bbox 1173 1827 1516 1864; x_wconf 85' lang='lat' dir='ltr'><strong>construuntur</strong></span> <span class='ocrx_word' id='word_1_143' title='bbox 1537 1817 1757 1864; x_wconf 87' lang='lat' dir='ltr'><strong>coenobia</strong></span> <span class='ocrx_word' id='word_1_144' title='bbox 1772 1854 1784 1875; x_wconf 92' lang='lat'><strong>,</strong></span> <span class='ocrx_word' id='word_1_145' title='bbox 1808 1818 2032 1882; x_wconf 81' lang='lat' dir='ltr'><strong>novisque</strong></span> 
     </span>
     <span class='ocr_line' id='line_1_21' title="bbox 626 1893 2029 1958; baseline 0 -17"><span class='ocrx_word' id='word_1_146' title='bbox 626 1895 810 1952; x_wconf 83' lang='lat' dir='ltr'><strong>ritibus,</strong></span> <span class='ocrx_word' id='word_1_147' title='bbox 829 1895 1064 1958; x_wconf 79' lang='lat' dir='ltr'><strong>variisque</strong></span> <span class='ocrx_word' id='word_1_148' title='bbox 1081 1893 1393 1941; x_wconf 82' lang='lat' dir='ltr'><strong>schematibus</strong></span> <span class='ocrx_word' id='word_1_149' title='bbox 1420 1893 1653 1951; x_wconf 82' lang='lat' dir='ltr'><strong>trabeata,</strong></span> <span class='ocrx_word' id='word_1_150' title='bbox 1679 1905 1929 1958; x_wconf 82' lang='lat' dir='ltr'><strong>peragrant</strong></span> <span class='ocrx_word' id='word_1_151' title='bbox 1953 1911 2029 1941; x_wconf 88' lang='lat' dir='ltr'><strong>or-</strong></span> 
     </span>
     <span class='ocr_line' id='line_1_22' title="bbox 625 1970 2029 2020; baseline -0.001 -1"><span class='ocrx_word' id='word_1_152' title='bbox 625 1972 735 2020; x_wconf 89' lang='lat' dir='ltr'><strong>bem</strong></span> <span class='ocrx_word' id='word_1_153' title='bbox 769 1972 1110 2019; x_wconf 85' lang='lat' dir='ltr'><strong>cucullatorum</strong></span> <span class='ocrx_word' id='word_1_154' title='bbox 1142 1971 1374 2017; x_wconf 80' lang='lat' dir='ltr'><strong>examina.</strong></span> <span class='ocrx_word' id='word_1_155' title='bbox 1406 1970 1640 2017; x_wconf 83' lang='lat' dir='ltr'><strong>Albedine</strong></span> <span class='ocrx_word' id='word_1_156' title='bbox 1672 1972 1718 2017; x_wconf 87' lang='lat' dir='ltr'><strong>in</strong></span> <span class='ocrx_word' id='word_1_157' title='bbox 1750 1971 1914 2017; x_wconf 88' lang='lat' dir='ltr'><strong>habitu</strong></span> <span class='ocrx_word' id='word_1_158' title='bbox 1949 1988 2029 2018; x_wconf 91' lang='lat' dir='ltr'><strong>suo</strong></span> 
     </span>
     <span class='ocr_line' id='line_1_23' title="bbox 625 2049 2028 2114; baseline -0.001 -18"><span class='ocrx_word' id='word_1_159' title='bbox 625 2049 863 2114; x_wconf 61' lang='lat' dir='ltr'><strong>praecipue</strong></span> <span class='ocrx_word' id='word_1_160' title='bbox 880 2059 1098 2105; x_wconf 83' lang='lat' dir='ltr'><strong>utuntur,</strong></span> <span class='ocrx_word' id='word_1_161' title='bbox 1120 2067 1210 2113; x_wconf 88' lang='lat' dir='ltr'><strong>qua</strong></span> <span class='ocrx_word' id='word_1_162' title='bbox 1225 2049 1482 2113; x_wconf 79' lang='lat' dir='ltr'><strong>singulares</strong></span> <span class='ocrx_word' id='word_1_163' title='bbox 1496 2049 1555 2094; x_wconf 85' lang='lat' dir='ltr'><strong>ab</strong></span> <span class='ocrx_word' id='word_1_164' title='bbox 1574 2049 1692 2105; x_wconf 86' lang='lat' dir='ltr'><strong>aliis,</strong></span> <span class='ocrx_word' id='word_1_165' title='bbox 1711 2049 2028 2114; x_wconf 83' lang='lat' dir='ltr'><strong>notabilesque</strong></span> 
     </span>
     <span class='ocr_line' id='line_1_24' title="bbox 626 2125 2026 2191; baseline -0.001 -18"><span class='ocrx_word' id='word_1_166' title='bbox 626 2126 890 2173; x_wconf 86' lang='lat' dir='ltr'><strong>videantur.</strong></span> <span class='ocrx_word' id='word_1_167' title='bbox 909 2125 1121 2189; x_wconf 80' lang='lat' dir='ltr'><strong>Nigreclo</strong></span> <span class='ocrx_word' id='word_1_168' title='bbox 1140 2127 1186 2172; x_wconf 90' lang='lat' dir='ltr'><strong>in</strong></span> <span class='ocrx_word' id='word_1_169' title='bbox 1204 2127 1440 2191; x_wconf 85' lang='lat' dir='ltr'><strong>plerisque</strong></span> <span class='ocrx_word' id='word_1_170' title='bbox 1458 2127 1571 2173; x_wconf 78' lang='lat' dir='ltr'><strong>locis</strong></span> <span class='ocrx_word' id='word_1_171' title='bbox 1587 2137 1757 2173; x_wconf 82' lang='lat' dir='ltr'><strong>sanctae</strong></span> <span class='ocrx_word' id='word_1_172' title='bbox 1775 2127 2026 2190; x_wconf 83' lang='lat' dir='ltr'><strong>Scripturae</strong></span> 
     </span>
     <span class='ocr_line' id='line_1_25' title="bbox 625 2202 2026 2266; baseline -0.001 -16"><span class='ocrx_word' id='word_1_173' title='bbox 625 2202 940 2250; x_wconf 85' lang='lat' dir='ltr'><strong>humilitatem</strong></span> <span class='ocrx_word' id='word_1_174' title='bbox 966 2202 1195 2266; x_wconf 85' lang='lat' dir='ltr'><strong>designat.</strong></span> <span class='ocrx_word' id='word_1_175' title='bbox 1227 2203 1375 2263; x_wconf 84' lang='lat' dir='ltr'><strong>Quem</strong></span> <span class='ocrx_word' id='word_1_176' title='bbox 1401 2203 1576 2250; x_wconf 83' lang='lat' dir='ltr'><strong>idcirco</strong></span> <span class='ocrx_word' id='word_1_177' title='bbox 1600 2203 1809 2249; x_wconf 89' lang='lat' dir='ltr'><strong>colorem</strong></span> <span class='ocrx_word' id='word_1_178' title='bbox 1832 2203 2026 2266; x_wconf 86' lang='lat' dir='ltr'><strong>religio-</strong></span> 
     </span>
     <span class='ocr_line' id='line_1_26' title="bbox 625 2279 2024 2345; baseline -0.001 -18"><span class='ocrx_word' id='word_1_179' title='bbox 625 2297 786 2327; x_wconf 86' lang='lat' dir='ltr'><strong>sorum</strong></span> <span class='ocrx_word' id='word_1_180' title='bbox 813 2281 971 2326; x_wconf 78' lang='lat' dir='ltr'><strong>&#39;servm</strong></span> <span class='ocrx_word' id='word_1_181' title='bbox 1000 2279 1222 2326; x_wconf 85' lang='lat' dir='ltr'><strong>hactenus</strong></span> <span class='ocrx_word' id='word_1_182' title='bbox 1251 2290 1493 2345; x_wconf 83' lang='lat' dir='ltr'><strong>glatanter</strong></span> <span class='ocrx_word' id='word_1_183' title='bbox 1519 2291 1682 2344; x_wconf 80' lang='lat' dir='ltr'><strong>gestat.</strong></span> <span class='ocrx_word' id='word_1_184' title='bbox 1712 2280 1852 2327; x_wconf 86' lang='lat' dir='ltr'><strong>Nunc</strong></span> <span class='ocrx_word' id='word_1_185' title='bbox 1875 2291 2024 2326; x_wconf 84' lang='lat' dir='ltr'><strong>autem</strong></span> 
     </span>
     <span class='ocr_line' id='line_1_27' title="bbox 624 2355 2023 2422; baseline -0.001 -18"><span class='ocrx_word' id='word_1_186' title='bbox 624 2356 944 2422; x_wconf 77' lang='lat' dir='ltr'><strong>nigiedinem,</strong></span> <span class='ocrx_word' id='word_1_187' title='bbox 977 2375 1068 2422; x_wconf 86' lang='lat' dir='ltr'><strong>qua</strong></span> <span class='ocrx_word' id='word_1_188' title='bbox 1097 2358 1238 2421; x_wconf 82' lang='lat' dir='ltr'><strong>piisci</strong></span> <span class='ocrx_word' id='word_1_189' title='bbox 1270 2369 1375 2422; x_wconf 80' lang='lat' dir='ltr'><strong>pati</strong></span> <span class='ocrx_word' id='word_1_190' title='bbox 1379 2375 1447 2414; x_wconf 90' lang='lat' dir='ltr'><strong>es</strong></span> <span class='ocrx_word' id='word_1_191' title='bbox 1483 2369 1579 2403; x_wconf 85' lang='lat' dir='ltr'><strong>tam</strong></span> <span class='ocrx_word' id='word_1_192' title='bbox 1606 2357 1843 2422; x_wconf 79' lang='lat' dir='ltr'><strong>legulales</strong></span> <span class='ocrx_word' id='word_1_193' title='bbox 1871 2355 2023 2403; x_wconf 87' lang='lat' dir='ltr'><strong>cle1ici</strong></span> 
     </span>
     <span class='ocr_line' id='line_1_28' title="bbox 625 2433 2022 2500; baseline -0.003 -18"><span class='ocrx_word' id='word_1_194' title='bbox 625 2433 672 2482; x_wconf 90' lang='lat' dir='ltr'><strong>in</strong></span> <span class='ocrx_word' id='word_1_195' title='bbox 707 2436 888 2499; x_wconf 84' lang='lat' dir='ltr'><strong>cappis,</strong></span> <span class='ocrx_word' id='word_1_196' title='bbox 914 2453 1055 2500; x_wconf 88' lang='lat' dir='ltr'><strong>quam</strong></span> <span class='ocrx_word' id='word_1_197' title='bbox 1085 2435 1346 2482; x_wconf 84' lang='lat' dir='ltr'><strong>monachi</strong></span> <span class='ocrx_word' id='word_1_198' title='bbox 1336 2454 1384 2482; x_wconf 81' lang='lat' dir='ltr'><strong>in</strong></span> <span class='ocrx_word' id='word_1_199' title='bbox 1415 2436 1636 2492; x_wconf 82' lang='lat' dir='ltr'><strong>cucullis,</strong></span> <span class='ocrx_word' id='word_1_200' title='bbox 1665 2434 1728 2481; x_wconf 88' lang='lat' dir='ltr'><strong>ob</strong></span> <span class='ocrx_word' id='word_1_201' title='bbox 1751 2433 2022 2481; x_wconf 86' lang='lat' dir='ltr'><strong>humilitatis</strong></span> 
     </span>
     <span class='ocr_line' id='line_1_29' title="bbox 622 2510 2023 2577; baseline -0.001 -19"><span class='ocrx_word' id='word_1_202' title='bbox 622 2513 875 2576; x_wconf 86' lang='lat' dir='ltr'><strong>specimen,</strong></span> <span class='ocrx_word' id='word_1_203' title='bbox 896 2513 961 2558; x_wconf 87' lang='lat' dir='ltr'><strong>usi</strong></span> <span class='ocrx_word' id='word_1_204' title='bbox 981 2524 1105 2570; x_wconf 88' lang='lat' dir='ltr'><strong>sunt,</strong></span> <span class='ocrx_word' id='word_1_205' title='bbox 1124 2531 1170 2559; x_wconf 88' lang='lat' dir='ltr'><strong>n</strong></span> <span class='ocrx_word' id='word_1_206' title='bbox 1153 2513 1288 2560; x_wconf 78' lang='lat' dir='ltr'><strong>odei</strong></span> <span class='ocrx_word' id='word_1_207' title='bbox 1294 2514 1358 2569; x_wconf 85' lang='lat' dir='ltr'><strong>ni,</strong></span> <span class='ocrx_word' id='word_1_208' title='bbox 1383 2524 1601 2577; x_wconf 68' lang='lat' dir='ltr'><strong>tanquam</strong></span> <span class='ocrx_word' id='word_1_209' title='bbox 1620 2512 1682 2559; x_wconf 86' lang='lat' dir='ltr'><strong>ob</strong></span> <span class='ocrx_word' id='word_1_210' title='bbox 1699 2510 2023 2577; x_wconf 79' lang='lat' dir='ltr'><strong>majolisjusti-</strong></span> 
     </span>
    </p>
   </div>
   <div class='ocr_carea' id='block_1_4' title="bbox 622 2590 2022 2655">
    <p class='ocr_par' dir='ltr' id='par_1_4' title="bbox 622 2590 2022 2655">
     <span class='ocr_line' id='line_1_30' title="bbox 622 2590 2022 2655; baseline -0.001 -20"><span class='ocrx_word' id='word_1_211' title='bbox 622 2590 700 2636; x_wconf 81' lang='lat' dir='ltr'><strong>tiae</strong></span> <span class='ocrx_word' id='word_1_212' title='bbox 719 2590 1101 2646; x_wconf 69' lang='lat' dir='ltr'><strong>ostentationem,</strong></span> <span class='ocrx_word' id='word_1_213' title='bbox 1127 2590 1378 2655; x_wconf 84' lang='lat' dir='ltr'><strong>abjiciunt3</strong></span> <span class='ocrx_word' id='word_1_214' title='bbox 1404 2591 1619 2636; x_wconf 88' lang='lat' dir='ltr'><strong>inusitata</strong></span> <span class='ocrx_word' id='word_1_215' title='bbox 1644 2606 1832 2654; x_wconf 84' lang='lat' dir='ltr'><strong>quoqne</strong></span> <span class='ocrx_word' id='word_1_216' title='bbox 1851 2603 2022 2653; x_wconf 88' lang='lat' dir='ltr'><strong>panno-</strong></span> 
     </span>
    </p>
   </div>
   <div class='ocr_carea' id='block_1_5' title="bbox 1859 2707 2010 2713">
    <p class='ocr_par' dir='ltr' id='par_1_5' title="bbox 1859 2707 2010 2713">
     <span class='ocr_line' id='line_1_31' title="bbox 1859 2707 2010 2713; baseline 0 0"><span class='ocrx_word' id='word_1_217' title='bbox 1859 2707 2010 2713; x_wconf 95' lang='lat' dir='ltr'><strong> </strong></span> 
     </span>
    </p>
   </div>
   <div class='ocr_carea' id='block_1_6' title="bbox 1609 2709 1857 2716">
    <p class='ocr_par' dir='ltr' id='par_1_6' title="bbox 1609 2709 1857 2716">
     <span class='ocr_line' id='line_1_32' title="bbox 1609 2709 1857 2716; baseline 0 0"><span class='ocrx_word' id='word_1_218' title='bbox 1609 2709 1857 2716; x_wconf 95' lang='lat' dir='ltr'><strong> </strong></span> 
     </span>
    </p>
   </div>
   <div class='ocr_carea' id='block_1_7' title="bbox 667 2776 1589 2882">
    <p class='ocr_par' dir='ltr' id='par_1_7' title="bbox 667 2776 1589 2882">
     <span class='ocr_line' id='line_1_33' title="bbox 667 2776 1589 2823; baseline -0.002 -12"><span class='ocrx_word' id='word_1_219' title='bbox 667 2776 716 2822; x_wconf 79' lang='grc' dir='ltr'><strong>(ι)</strong></span> <span class='ocrx_word' id='word_1_220' title='bbox 739 2776 788 2812; x_wconf 85' lang='lat' dir='ltr'><strong>Ce</strong></span> <span class='ocrx_word' id='word_1_221' title='bbox 806 2787 1031 2822; x_wconf 75' lang='lat' dir='ltr'><strong>personnage</strong></span> <span class='ocrx_word' id='word_1_222' title='bbox 1049 2777 1163 2823; x_wconf 75' lang='lat' dir='ltr'><strong>parait</strong></span> <span class='ocrx_word' id='word_1_223' title='bbox 1181 2778 1257 2813; x_wconf 55' lang='grc' dir='ltr'><strong>ἐπεὶ</strong></span> <span class='ocrx_word' id='word_1_224' title='bbox 1278 2785 1373 2812; x_wconf 81' lang='lat' dir='ltr'><strong>mort</strong></span> <span class='ocrx_word' id='word_1_225' title='bbox 1392 2790 1469 2812; x_wconf 82' lang='lat' dir='ltr'><strong>vcrs</strong></span> <span class='ocrx_word' id='word_1_226' title='bbox 1492 2777 1589 2812; x_wconf 70' lang='lat'>1128.</span> 
     </span>
     <span class='ocr_line' id='line_1_34' title="bbox 667 2836 1056 2882; baseline 0 -13"><span class='ocrx_word' id='word_1_227' title='bbox 667 2837 716 2880; x_wconf 57' lang='grc' dir='ltr'><strong>(Ἰ)</strong></span> <span class='ocrx_word' id='word_1_228' title='bbox 732 2836 873 2871; x_wconf 83' lang='lat' dir='ltr'><strong>Psalm.</strong></span> <span class='ocrx_word' id='word_1_229' title='bbox 893 2847 979 2879; x_wconf 65' lang='lat' dir='ltr'><strong>xilv,</strong></span> <span class='ocrx_word' id='word_1_230' title='bbox 1005 2847 1056 2882; x_wconf 71' lang='lat'><strong>17.</strong></span> 
     </span>
    </p>
   </div>
  </div>
 </body>
</html>
