2085 3455
598 284 675 322 :304
964 287 1206 325 HISTORIA
1238 287 1639 325 ECCLESIASTICA.
1735 288 1996 339 [low-1092]

598 371 860 418 inultorum
885 374 1063 435 patiens
1088 373 1305 420 laborum
1332 391 1384 419 ac
1408 372 1763 429 adversitatum,
1794 389 1877 435 per
1902 389 1996 420 xv11

599 466 746 494 annos
768 461 924 496 sancte
948 452 1084 496 rexit.

662 525 735 570 Eo
776 536 987 588 tempore
1024 527 1170 572 multa
1208 527 1385 572 malitia
1423 527 1467 572 in
1511 526 1646 571 terris
1686 536 1787 571 orta
1828 535 1919 582 est,
1959 537 2002 571 et

600 600 903 648 vehementer
931 614 1227 666 augmentata
1260 615 1344 650 est.
1378 603 1605 648 Militares
1628 603 1716 647 viri
1745 618 1899 648 mores
1920 619 2003 664 vpa-

603 688 759 723 ternos
785 680 830 723 in
854 680 1021 724 vestitu
1041 690 1086 725 et
1106 680 1387 742 capillorum
1412 691 1602 728 tonsura
1626 679 2000 743 dereliquerunt,

600 772 717 818 quos
750 756 890 818 paulo
921 767 1025 818 post
1057 756 1312 820 burgenses
1351 768 1397 803 ct
1430 757 1589 803 rustici
1623 767 1669 803 et
1701 772 1820 819 pene
1854 766 2004 801 totum

600 833 767 895 vulgus
792 833 959 877 imitati
985 845 1109 879 sunt.
1136 835 1199 879 Et
1221 836 1328 898 quia
1350 835 1523 881 divinae
1548 835 1661 896 legis
1684 832 2006 897 praevaricatio

602 911 741 955 nimis
776 910 1075 968 exuberavit,
1117 912 1320 958 coelestis
1360 913 1441 958 irae
1477 910 1820 958 animadversio
1852 909 2007 955 multis

603 988 835 1051 variisque
859 988 1199 1035 calamitatibus
1224 1007 1326 1037 reos
1349 991 1522 1036 merito
1546 988 1783 1052 protrivit.

667 1067 718 1110 In
741 1065 823 1111 illo
843 1076 1057 1129 ternpore
1075 1068 1093 1130 (
1105 1068 1165 1129 ι),
1186 1067 1432 1124 Melcoma,
1454 1084 1537 1113 rex
1554 1068 1823 1123 Scotorum,
1845 1076 2006 1112 contra

603 1159 760 1206 regem
787 1142 1054 1207 Anglorum
1078 1144 1349 1203 rebellavit,
1376 1144 1682 1209 debitumque
1705 1143 1946 1190 servitium
1970 1143 2007 1189 ei

602 1221 867 1285 denegavit.
899 1222 1050 1268 Porro
1073 1222 1353 1268 Guillelmus
1379 1240 1485 1280 rex,
1519 1233 1767 1286 postquam
1801 1221 1847 1266 iu
1882 1219 2009 1266 Nor-

604 1300 817 1354 mannia,
841 1310 893 1344 ut
912 1318 1050 1360 supra
1070 1300 1339 1357 retulimus,
1368 1318 1475 1347 cum
1500 1299 1744 1346 Rodberto
1766 1301 1911 1345 fratre
1931 1315 2011 1344 suo

604 1393 762 1439 pacem
801 1376 998 1433 fecerat,
1041 1378 1285 1442 ipsumque
1316 1388 1479 1424 contra
1517 1376 1684 1424 infidos
1720 1375 2008 1440 proditores,

605 1455 684 1517 qui
727 1466 892 1500 contra
932 1472 1091 1519 regem
1133 1457 1545 1519 conspiraverant,
1592 1472 1747 1501 secum
1791 1454 2009 1509 duxerat,

605 1533 864 1578 exercitum
905 1535 1048 1579 totius
1093 1532 1278 1596 Angliae
1319 1532 1649 1596 conglobavit,
1694 1543 1741 1577 et
1778 1548 1922 1595 usque
1950 1530 2014 1576 ,ad

606 1627 832 1673 magnum
870 1610 1075 1666 flumen,
1115 1611 1242 1673 quod
1278 1611 1413 1657 Scote
1448 1610 1617 1656 WVatra
1653 1610 1850 1665 dicitur,
1900 1625 2016 1672 per-

607 1686 741 1732 duxit
765 1688 853 1750 (2).
883 1686 971 1733 Sed
994 1688 1102 1751 quia
1129 1687 1457 1734 inaccessibilis
1482 1687 1703 1733 transitus
1726 1697 1851 1742 erat,
1877 1702 2017 1749 super

609 1765 759 1826 ripam
793 1763 1020 1811 consedit.
1056 1765 1154 1810 Rex
1179 1777 1335 1811 autem
1366 1765 1617 1811 Scotorum
1642 1781 1665 1810 e
1693 1765 1887 1827 regione
1912 1781 2017 1809 cum

610 1841 872 1905 legionibus
891 1844 982 1888 suis
1002 1842 1058 1888 ad
1077 1842 1351 1889 bellandum
1370 1854 1557 1905 paratus
1576 1843 1804 1899 constitit,
1826 1842 2018 1906 regique

612 1919 881 1983 Anglorum
905 1937 991 1983 per
1018 1920 1336 1967 internuntios
1366 1921 1446 1966 ista
1472 1919 1713 1966 mandavit
1735 1940 1743 1964 :
1772 1920 1906 1977 Tibi,
1936 1938 2018 1966 ηυγ

658 2133 708 2177 (1)
729 2132 958 2167 (j'esi-ii-dire
976 2132 1137 2179 pendant
1156 2132 1186 2166 la
1205 2144 1354 2167 vacaucc
1370 2132 1419 2166 du
1440 2132 1537 2179 siege
1553 2132 1598 2167 de
1614 2132 1845 2178 Canterbury
1865 2132 1933 2178 (24
1949 2130 2017 2165 mai

619 2192 747 2238 ¹039'4
768 2191 960 2226 decembre
989 2196 1107 2238 1092).
1138 2192 1237 2226 Nous
1263 2205 1370 2227 avons
1395 2192 1450 2227 dit
1475 2192 1656 2227 ci—dessus
1675 2205 1746 2239 quc
1766 2192 1953 2226 l'invasion
1970 2191 2018 2225 du

615 2250 953 2286 Northumberland
973 2264 1035 2298 par
1057 2252 1225 2286 Malcolm
1244 2253 1336 2286 avait
1354 2264 1399 2286 eu
1419 2251 1492 2286 lieu
1510 2265 1556 2286 au
1574 2252 1665 2286 mois
1684 2252 1728 2285 de
1746 2252 1815 2285 mai
1839 2263 1939 2298 ¹09¹·

661 2312 710 2355 (2)
738 2313 786 2345 Le
816 2311 946 2358 peuple
976 2326 993 2345 a
1020 2325 1150 2347 encore
1180 2313 1331 2360 l'usage,
1359 2325 1404 2347 en
1433 2313 1667 2359 Angleterrffi
1697 2312 1880 2359 d⁷appeler
1904 2318 2022 2347 water

615 2377 716 2404 toute
737 2371 866 2405 riviere
887 2371 1154 2415 considerable3
1179 2373 1270 2406 ainsi
1299 2372 1349 2407 les
1374 2372 1513 2418 paroles
1533 2372 1578 2406 de
1603 2379 1708 2406 notre.
1735 2378 1864 2406 auteur
1888 2371 2022 2406 n’indi—

617 2437 730 2476 quent
749 2443 890 2465 aucune
910 2431 1053 2466 localite
1073 2432 1320 2478 particuliere.
1343 2432 1556 2479 Cependant
1578 2431 1603 2465 il
1623 2437 1677 2466 est
1695 2431 1782 2465 clair
1807 2430 1897 2478 qu’il
1922 2431 2020 2477 s'agi]

618 2490 662 2523 ici
676 2489 720 2524 (le
734 2490 767 2524 la
782 2490 919 2537 grande
933 2492 1182 2527 embouchure
1194 2492 1341 2539 appelee
1358 2491 1590 2538 aujourd'hui
1606 2507 1612 2524 t
1629 2492 1687 2526 the
1704 2491 1824 2538 Eyrtlz
1839 2491 2020 2538 (ffForth.

622 2549 669 2583 M.
689 2549 876 2596 Stapletou
892 2563 983 2585 nous
1001 2551 1071 2586 cite
1089 2554 1106 2585 a
1124 2564 1163 2586 ce
1180 2552 1274 2597 sujet
1290 2551 1322 2586 le
1340 2563 1485 2598 passage
1502 2551 1644 2585 suivant
1660 2566 1665 2583 :
1682 2551 1758 2585 Illa
1776 2563 1874 2598 aqua
1890 2552 2023 2597 optima

623 2609 775 2642 Scotlice
794 2616 926 2643 vocata
939 2617 993 2643 est
1010 2611 1113 2651 Forl,
1135 2612 1337 2645 britannice
1358 2610 1497 2654 chrid,
1514 2611 1679 2645 Romane
1692 2612 1839 2656 (lingua
1855 2611 2021 2656 vulgari)

626 2681 708 2702 vero
735 2668 854 2703 Scolte
877 2676 1011 2710 ‘wall-c,
1041 2670 1080 2704 id
1098 2677 1151 2704 est
1175 2688 1181 2703 ,·
1205 2684 1301 2717 aqua
1327 2671 1550 2709 Scollor·1mz;
1578 2683 1661 2716 quse
1684 2682 1799 2717 regna
1823 2671 2021 2704 Scottorum

622 2734 654 2757 tl
678 2729 883 2773 Anglorum
904 2728 1047 2764 dividit.
1071 2737 1103 2764 el
1124 2733 1236 2764 currit
1257 2731 1364 2775 juwls!
1385 2729 1556 2774 oppidum
1576 2729 1619 2763 dc
1642 2730 1824 2763 Strivcliu.
1846 2730 1920 2773 (De
1940 2728 2020 2762 Ritu

625 2787 814 2821 Albaniam
836 2801 893 2833 ‘'l'·
916 2789 1107 2822 solznvlon.
1135 2791 1248 2835 sllelirs
1286 2789 1552 2824 Celso-Notum..
1575 2802 1609 2834 p.
1636 2787 1732 2832 136.)
