2085 3455
541 289 619 325 580
886 284 1127 322 HlS'l'ORlA
1159 278 1563 321 ECCLFSIASTICA.
1599 287 1805 332 [nECEMfflii
1830 286 1947 335 1098]

540 372 772 437 lapidibus
800 372 995 436 aliisque
1034 372 1134 417 telis
1162 372 1283 418 cives
1311 371 1555 417 desursum
1592 370 1877 435 gravabant,
1905 383 1949 418 et

537 466 778 513 percussos
815 449 863 494 in
905 448 1135 494 ancilibus
1173 449 1245 494 vel
1291 448 1460 512 galeis,
1498 448 1571 494 vel
1608 449 1654 494 in
1692 448 1948 511 capitibus,

534 528 668 575 facile
703 526 1004 591 perimebant
1028 528 1114 590 (ι).
1156 526 1251 572 ΑΙίἰ
1291 526 1405 573 alios
1440 525 1602 572 ferreis
1640 527 1825 573 uncinis
1854 526 1953 573 sine

536 606 885 653 intermissione
902 605 1201 652 infestabant.
1221 606 1365 652 Turci
1387 604 1444 652 de
1459 605 1671 651 turribus
1681 604 1954 669 satagebant

532 682 824 729 Christianos
875 682 1054 745 sagittis
1089 693 1137 728 et
1172 681 1406 746 lapidibus
1446 682 1741 745 impugnare.
1789 682 1951 745 Ignem

531 777 746 824 quoque,
775 776 917 823 quem
942 758 1164 804 Graecum
1188 769 1385 817 vocant,
1411 759 1457 805 in
1483 758 1753 806 machinam
1771 760 1950 824 jacere,

531 850 577 884 et
636 837 754 884 nihil
810 837 1013 883 otiosum
1077 835 1344 883 admittere.
1397 837 1650 883 Christiani
1709 854 1733 883 e
1788 849 1952 884 contra

531 917 687 963 oleum
727 916 824 977 (2),
852 913 980 978 quod
1012 915 1218 960 maxime
1252 915 1410 978 ignem
1444 916 1663 961 Graecum
1689 917 1950 979 extinguit,

530 991 798 1047 effundere,
848 1008 1090 1038 ascensum
1131 1002 1341 1047 tentare,
1381 991 1644 1057 pedemque
1684 993 1948 1047 retrahere,

529 1086 701 1133 eosque
736 1069 817 1133 qui
858 1069 1007 1114 muris
1050 1080 1360 1132 supererant,
1397 1068 1679 1126 sormidare3
1723 1070 1769 1115 in
1818 1070 1953 1115 nullo

532 1158 690 1192 tamen
710 1144 926 1192 deficere.
955 1146 1030 1192 Sic
1056 1146 1280 1209 praelium
1305 1146 1421 1192 illud
1449 1146 1506 1192 ad
1530 1163 1777 1209 vesperum
1808 1164 1954 1211 usque

531 1224 820 1287 protelatum
841 1234 926 1270 est.
956 1225 1166 1270 Tantum
1187 1235 1289 1270 erat
1314 1224 1555 1287 infatigata
1587 1225 1736 1270 virtus
1768 1224 1953 1288 Agare-

532 1319 735 1358 norum,
767 1312 815 1347 ut
849 1300 1071 1348 audacter
1099 1301 1372 1348 refellerent
1405 1302 1629 1347 versutias
1659 1300 1956 1348 Christiano«

533 1398 659 1426 rum.
680 1379 896 1443 Denique
915 1379 1266 1426 Lemovicensis
1281 1379 1519 1425 Gulserius
1533 1378 1590 1425 de
1606 1378 1841 1425 Turribus
1861 1381 1953 1442 (ὅ),

533 1459 608 1504 vir
631 1458 711 1504 alti
732 1458 975 1521 sanguinis
1000 1468 1047 1503 et
1069 1456 1274 1503 audaciae
1294 1456 1527 1502 mirabilis
1544 1494 1554 1513 ‚
1579 1457 1760 1520 primus
1785 1452 1957 1503 scalam

1056 1563 1080 1566 „-
1808 1557 1881 1569 —ss-—V

581 1608 630 1652 (ι)
655 1607 702 1640 La
730 1606 954 1652 description
980 1605 1025 1639 de
1049 1612 1106 1639 cet
1133 1612 1253 1639 assaut
1274 1612 1327 1639 est
1353 1606 1426 1639 tres
1444 1608 1611 1639 curiense
1635 1605 1725 1639 dans
1747 1606 1779 1640 le
1802 1607 1893 1640 recit
1913 1606 1958 1639 (lo

535 1667 663 1701 Pierre
689 1664 906 1699 'l‘udebode
935 1664 1036 1698 Nous
1062 1675 1154 1698 nous
1179 1671 1439 1698 contenterons
1463 1663 1545 1698 d’en
1569 1664 1660 1698 citer
1685 1676 1734 1697 un
1758 1664 1845 1698 trait
1868 1680 1873 1697 :
1898 1665 1958 1699 Ila

537 1737 679 1771 quoque
709 1723 965 1769 percutiebant
993 1736 1053 1757 eos
1084 1735 1195 1768 super
1220 1724 1388 1769 clypeos,
1420 1722 1520 1768 quod
1538 1724 1696 1769 ‘clypeus
1725 1729 1759 1756 et
1786 1735 1959 1769 paganus

537 1784 714 1818 caderent
734 1781 905 1816 deorsum
930 1784 968 1815 in
990 1784 1133 1815 civitate
1158 1784 1301 1815 mortui.
1331 1782 1394 1815 Les
1419 1781 1617 1815 historiens
1643 1781 1848 1817 Orientaux
1873 1784 1958 1828 pre—

537 1844 691 1879 tendent
708 1854 780 1890 que
799 1842 831 1876 lc
848 1849 967 1877 comte
986 1841 1031 1875 de
1049 1842 1235 1875 Toulousc
1255 1843 1348 1876 avait
1367 1842 1505 1888 promis
1523 1841 1556 1875 la
1573 1842 1627 1875 vie
1646 1854 1752 1876 saure
1769 1854 1837 1876 aux
1856 1843 1959 1876 assit·-

540 1906 620 1949 ge'S‚
644 1910 681 1938 et
702 1915 773 1949 que
791 1903 894 1948 vingt
920 1901 1020 1936 mille
1041 1901 1138 1935 aines
1160 1901 1284 1935 fureur
1309 1901 1475 1935 victimes
1499 1901 1545 1935 (le
1565 1913 1629 1935 sou
1655 1913 1813 1948 manque
1831 1901 1876 1935 de
1895 1902 1958 1936 foi.

542 1963 690 2009 D'apres
715 1962 747 1995 le
773 1962 864 1995 reeit
889 1961 952 1995 des
976 1961 1177 1994 historiens
1202 1960 1475 2003 Occidentaux,
1501 1973 1540 1995 ce
1565 1961 1674 1995 serait
1693 1961 1813 2007 plutot
1833 1963 1851 1995 ii
1871 1961 1960 1995 Boe-

541 2022 652 2057 mond
672 2021 761 2069 qu’il
781 2020 943 2055 faudrait
960 2019 1162 2066 l'imputer.

588 2084 639 2126 (2)
659 2081 711 2115 Ge
730 2079 822 2113 n'est
840 2079 944 2125 point
962 2091 1045 2113 avec
1059 2091 1109 2112 un
1127 2090 1234 2125 corps
1250 2079 1344 2113 aussi
1361 2078 1604 2114 coiubustible
1620 2091 1691 2126 que
1710 2078 1835 2113 l⁷huile
1851 2080 1960 2126 qu’on

538 2152 558 2173 a
582 2139 713 2185 jamnis
741 2150 791 2184 pu
823 2149 953 2184 penser
983 2139 1001 2171 a
1030 2137 1195 2171 eteindre
1223 2136 1255 2171 le
1284 2137 1343 2172 feu
1374 2138 1557 2184 gregeois,
1584 2137 1671 2171 mais
1694 2137 1779 2171 bien
1803 2150 1886 2173 avec
1912 2138 1960 2172 du

542 2199 724 2246 vinaigre,
747 2198 792 2232 de
811 2198 943 2232 l’urine
961 2204 997 2232 et
1017 2197 1061 2231 de
1080 2198 1112 2231 la
1132 2197 1266 2232 ccndrc
1284 2210 1331 2232 ou
1351 2198 1398 2231 du
1422 2197 1534 2231 sable.
1554 2197 1660 2232 Aussi
1682 2197 1835 2232 l‘erreur
1855 2211 1963 2244 gros-

543 2260 635 2293 siere
650 2270 722 2305 que
736 2263 896 2291 commet
909 2256 955 2291 ici
973 2264 1080 2291 notre
1095 2264 1237 2301 auteur,
1258 2269 1302 2291 ne
1319 2269 1355 2291 se
1373 2256 1695 2292 rencontre-t-elle
1706 2269 1777 2304 que
1796 2256 1885 2292 dans
1898 2269 1961 2291 son

544 2318 655 2365 guide
673 2316 856 2359 habituel,
879 2315 1034 2359 Baudi‘i,
1056 2317 1102 2351 ou
1124 2316 1148 2350 il
1167 2316 1209 2350 l’a
1230 2317 1341 2363 prise.

589 2377 642 2422 (3)
660 2375 825 2412 Gouffier
841 2376 886 2410 (le
904 2376 1095 2419 Lastours,
1116 2376 1288 2423 seigneur
1306 2376 1350 2411 de
1367 2376 1582 2419 Hautefort,
1604 2384 1640 2411 et
1658 2378 1743 2423 pere
1761 2376 1806 2410 de
1822 2377 1898 2411 Gui
1919 2377 1963 2411 de

545 2438 733 2479 Lastours,
751 2435 815 2482 qui
834 2436 967 2482 epousa
983 2435 1182 2479 Mathilde,
1202 2435 1273 2470 fille
1287 2435 1332 2471 de
1345 2435 1509 2470 Geoffroi
1529 2436 1584 2478 II,
1603 2442 1722 2469 comte
1735 2435 1785 2469 du
1803 2435 1960 2477 Perche,

544 2503 581 2530 et
602 2508 712 2530 veuve
733 2495 779 2529 de
799 2494 1001 2539 Raimond,
1022 2496 1178 2530 vicomte
1203 2495 1248 2530 de
1270 2496 1459 2530 Turenne.
1485 2495 1514 2529 ll
1536 2502 1589 2529 est
1610 2495 1764 2529 facheux
1783 2495 1894 2543 qu’on
1914 2496 1963 2529 ait

544 2555 664 2603 perdu
682 2555 713 2589 la
730 2555 881 2589 relation
898 2554 943 2590 de
958 2555 990 2589 la
1006 2556 1188 2602 premiere
1202 2554 1366 2590 croisade
1381 2566 1452 2602 que
1466 2555 1650 2601 Gregoire
1666 2553 1833 2597 Euhade,
1854 2554 1963 2589 vassal

544 2615 590 2650 de
616 2613 782 2650 Gouffier
809 2613 854 2647 de
886 2615 1074 2657 Lastours,
1106 2615 1199 2649 avait
1229 2614 1396 2661 eiuploye
1420 2613 1535 2648 douze
1563 2626 1626 2647 ans
1655 2616 1672 2647 a
1700 2625 1890 2661 composer
1917 2625 1963 2648 en

545 2674 681 2708 idioiue
703 2672 877 2719 vulgaire.
898 2675 1050 2721 Comme
1072 2673 1229 2708 l'auteur
1254 2675 1347 2708 avait
1372 2680 1516 2708 sui-tout
1543 2673 1726 2715 consulte,
1748 2685 1842 2720 pour
1862 2673 1963 2707 Feta·-

542 2734 756 2768 blissement
776 2732 837 2766 des
860 2732 961 2777 faits,
984 2746 1032 2767 un
1051 2733 1263 2777 Norinand,
1290 2734 1437 2768 nomme
1455 2732 1642 2777 Gaubert,
1667 2739 1772 2767 notre
1793 2732 1963 2779 province

543 2800 596 2827 est
616 2792 955 2839 particulifrement
975 2793 1172 2827 intel-essee
1195 2793 1283 2828 dans
1302 2800 1396 2828 cette
1415 2800 1530 2839 perte.
