2085 3455
563 329 611 366 74
927 331 1167 369 HISTORIA
1199 331 1600 369 ECCLESIASTICA.

564 427 633 460 tus
676 426 833 461 autem
873 418 919 462 in
967 428 1144 463 terram
1162 454 1174 474 ,
1224 417 1399 463 tamdiu
1452 417 1668 480 precibus
1720 417 1933 464 incubuit
1952 455 1962 471 ,

559 492 709 540 donec
745 495 827 556 ipsi
863 512 885 539 a
919 512 1086 541 somno
1124 497 1291 542 mortis
1326 496 1662 541 excitarentur.
1704 495 1833 555 Qui,'
1861 495 1963 541 data

561 573 871 628 consessione,
903 584 948 619 et
975 573 1307 619 communicati
1328 573 1579 619 Dominico
1602 590 1827 636 corpore,
1853 591 1965 618 rur—

494 668 498 672 ’
560 668 632 695 sus
657 651 875 713 spiritum
895 650 1256 706 exhalaverunt,
1284 649 1564 695 mirantibus
1584 652 1764 697 cunctis
1780 661 1825 696 et
1841 651 1967 695 exul-

560 727 784 782 tantibus,
812 730 889 792 qui
913 727 1001 774 hoc
1026 727 1264 773 viderunt.
1286 727 1411 786 Quos
1430 727 1712 773 venerabilis
1736 739 1869 790 pater
1888 727 1967 774 ho-

560 805 754 852 norifice
772 805 991 850 tumulari
1004 805 1160 868 jussit,
1176 815 1222 850 et
1235 804 1291 850 de
1307 804 1562 849 salvatione
1582 804 1774 850 illorum
1793 816 1963 860 certus,

559 882 658 927 Deo
684 883 854 945 gratias
872 881 1067 927 devotus
1092 880 1312 927 reddidit.

623 961 733 1005 Haec
757 971 803 1004 et
823 959 968 1004 multa
1000 959 1068 1004 his
1092 959 1259 1004 similia
1285 959 1491 1004 seniores
1519 959 1732 1004 referunt
1759 957 1964 1004 exhibita

558 1053 643 1098 per
667 1036 916 1081 Ebrulsum
933 1072 943 1091 ,
967 1035 1186 1082 addentes
1206 1035 1333 1100 quod
1353 1034 1658 1100 grandaevum
1682 1034 1966 1081 monachum

560 1112 786 1167 viderint,
813 1113 1006 1158 nomine
1032 1112 1269 1169 Natalem,
1297 1112 1418 1174 apud
1441 1112 1657 1167 Uticum,
1687 1112 1767 1176 qui
1791 1111 1967 1175 grande

559 1188 778 1233 volumen
805 1187 1006 1234 habebat
1028 1188 1085 1234 de
1110 1188 1349 1234 miraculis
1378 1199 1425 1233 et
1448 1187 1586 1233 rebus
1612 1189 1750 1251 gestis
1774 1204 1859 1250 per
1885 1204 1963 1232 sae-

560 1266 760 1327 pesatum
795 1267 1136 1329 omnipotentis
1165 1266 1248 1312 Dei
1283 1267 1528 1312 famulum.
1570 1266 1817 1326 Quondam
1854 1266 1966 1311 dum

556 1344 688 1389 missa
724 1344 853 1390 finita
891 1356 983 1401 est,
1013 1344 1182 1391 ardens
1218 1344 1409 1390 candela
1441 1361 1528 1407 per
1564 1344 1793 1390 incuriam
1829 1362 1967 1407 super

554 1422 701 1467 altare
725 1421 907 1468 dimissa
929 1434 1014 1468 est.
1037 1423 1208 1469 Incolis
1226 1439 1340 1468 vero
1359 1423 1446 1468 alia
1467 1421 1757 1475 curantibus,
1779 1421 1964 1468 flamma

514 1487 516 1489 .
558 1499 785 1545 lichinum
804 1501 874 1563 (i)
900 1517 1044 1564 usque
1064 1500 1119 1545 ad
1145 1501 1414 1563 mappulam
1441 1500 1599 1545 altaris
1616 1499 1895 1562 absumpsit,
1920 1512 1966 1545 et

558 1578 676 1641 ignis
709 1578 823 1624 edax
860 1577 967 1624 inde
1003 1579 1160 1623 altaris
1188 1579 1462 1624 linteamina
1494 1595 1598 1624 casu
1633 1577 1889 1640 corripuit,
1921 1589 1966 1622 et

557 1653 734 1700 librum
752 1691 764 1711 ,
810 1656 937 1719 cujus
984 1655 1226 1718 exemplar
1272 1673 1294 1699 a
1344 1654 1480 1701 nobis
1527 1672 1722 1718 usquam
1766 1655 1962 1717 reperiri

556 1733 744 1796 nequit,
789 1744 833 1779 et
871 1750 1074 1797 quaeque
1113 1732 1285 1778 ibidem
1324 1731 1540 1778 comburi
1582 1732 1791 1795 potuerit
1807 1769 1819 1788 ,
1860 1749 1965 1796 quae

555 1810 677 1855 circa
699 1810 773 1855 vel
797 1827 938 1874 super
961 1827 1089 1855 aram
1114 1820 1279 1865 erant,
1309 1809 1645 1855 concremavit.
1673 1808 1844 1854 Omnes
1874 1809 1966 1872 igi-

556 1897 633 1931 tur
671 1887 977 1950 irreparabile
1023 1886 1252 1932 damnum
1288 1886 1344 1932 (le
1396 1886 1562 1932 notitia
1611 1886 1965 1949 praeteritorum

556 1964 871 2026 planxerunt,
899 1976 969 2023 et,
1001 1965 1110 2028 quia
1139 1965 1346 2009 illiterati
1372 1975 1508 2010 erant
1542 1964 1831 2016 eremicolae,
1868 1982 1965 2010 non

553 2042 731 2105 scripto
743 2053 1098 2105 reparaverunt,
1111 2040 1189 2087 sed
1203 2042 1394 2105 eloquio
1405 2041 1691 2105 junioribus,
1705 2040 1846 2087 dehis
1860 2058 1966 2105 quae

555 2120 656 2164 visu
674 2120 746 2166 vel
773 2119 935 2165 auditu
953 2130 1288 2182 perceperant,
1319 2120 1677 2165 intimaverunt.
1706 2118 1820 2181 Ipsis
1841 2136 1967 2182 quo-

554 2213 645 2260 que
669 2195 1017 2254 deficientibus,
1051 2195 1333 2260 ignorantiae
1365 2196 1515 2259 caligo
1538 2205 1731 2258 nepotes
1757 2193 1962 2251 obtexit,

555 2285 601 2319 et
622 2273 891 2338 indaginem
912 2285 1259 2320 transactorum
1287 2273 1631 2319 irretitabiliter
1651 2271 1852 2328 abdidit,
1877 2273 1963 2318 nisi

555 2368 603 2396 ea
646 2363 828 2397 tantum
874 2370 979 2416 quae
1014 2352 1201 2398 solertia
1248 2351 1487 2414 cujusdam
1525 2350 1745 2414 sophistae
1790 2352 1836 2396 in
1871 2352 1964 2396 vita

555 2430 698 2474 sancti
726 2430 875 2475 Patris
900 2429 957 2476 ad
981 2429 1231 2494 legendum
1256 2430 1305 2475 in
1321 2429 1527 2476 Ecclesia
1549 2429 1749 2474 strictim
1768 2445 1966 2492 conges-

603 2592 652 2634 (Il
682 2590 728 2624 La
750 2592 888 2626 ini-che.
919 2593 979 2626 (ju
1000 2605 1018 2626 a
1038 2592 1133 2626 dela
1159 2593 1264 2638 peine
1282 2595 1300 2626 a
1326 2592 1543 2639 s'expliquer
1569 2600 1753 2626 comment
1781 2593 1810 2626 la
1838 2594 1965 2627 mecho

554 2651 641 2684 ‹l'un
669 2652 789 2697 cierge
820 2659 883 2697 put
909 2659 1039 2686 mettre
1060 2653 1092 2686 le
1114 2654 1172 2687 seu
1189 2657 1208 2687 ii
1229 2666 1299 2687 une
1321 2665 1437 2700 nappe
1458 2652 1590 2686 ‹l'autcl
1607 2653 1669 2699 qui
1691 2665 1736 2686 nc
1753 2652 1872 2687 dex'ait
1889 2653 1965 2687 etro

554 2723 625 2757 quo
650 2710 694 2744 (lc
713 2712 805 2750 soie,
825 2711 869 2745 dc
894 2712 945 2745 lin
973 2725 1017 2745 on
1043 2713 1088 2746 dc
1109 2713 1222 2750 lainc,
1256 2713 1463 2747 substancos
1493 2725 1559 2759 peu
1582 2713 1794 2747 flambantes
1821 2713 1866 2747 dc
1886 2713 1965 2747 leur

558 2778 698 2807 nature.
722 2778 757 2804 ot
782 2773 798 2805 ἐι
818 2784 865 2805 nu
886 2771 973 2805 livre
998 2772 1082 2806 (loni
1110 2773 1158 2806 lvs
1186 2773 1343 2807 scuillcls
1363 2773 1406 2806 dv
1429 2773 1637 2817 parchemin
1661 2773 1814 2806 totamm
1835 2785 1965 2807 encore

556 2831 686 2864 moins.
