2033 3445
88 319 227 368 {1087}
562 315 714 353 LIBER
744 314 1013 354 seprnvms
1422 320 1497 355 207

90 415 141 449 ut
157 419 258 449 mos
277 412 367 458 est,
395 412 561 448 mutuo
580 402 877 464 percunctari
900 412 1171 464 coeperunt.
1198 403 1351 448 Erant
1372 405 1499 450 enim

88 481 144 528 de
179 479 459 526 Barensibus
497 478 686 543 quidam
722 478 959 525 Veneticis
997 480 1097 526 noti
1138 490 1184 525 et
1219 480 1380 536 amici,
1417 483 1497 545 qui

87 569 337 621 coeperunt
372 558 428 604 de
462 572 663 619 corpore
695 566 855 601 sancto
886 556 1156 602 alternatim
1186 556 1494 603 confabulari.

85 634 295 682 Venetici
322 645 478 680 autem
501 632 629 697 quod
649 632 824 678 dudum
847 645 1163 697 conceperant
1183 635 1376 692 animis,
1400 653 1497 682 non

85 711 423 758 dubitaverunt
457 709 596 756 edere
624 708 798 755 verbis.
834 710 969 757 Palos
1001 728 1191 776 quoque
1223 711 1422 769 ferreos,
1454 724 1500 759 et

86 789 278 836 malleos
307 805 353 834 se
380 787 554 834 habere
585 798 875 851 praeparatos
912 788 1105 834 confessi
1142 800 1274 847 sunt,
1313 800 1359 836 et
1389 792 1496 854 quia

87 878 267 914 tentare
299 865 528 912 deberent
567 866 816 911 consilium
852 864 1094 920 habitum,
1133 866 1231 912 illic
1266 867 1499 930 prandere

85 962 180 992 non
209 943 512 990 distulerunt.
545 941 681 1002 Quod
709 960 816 989 cum
842 942 1076 990 audissent
1102 944 1290 1000 Barini,
1325 943 1382 991 ad
1410 945 1499 992 hoc

85 1021 405 1086 incipiendum
442 1032 489 1067 et
526 1019 870 1084 perficiendum
907 1023 1074 1086 majori
1117 1021 1348 1070 desiderio
1390 1036 1500 1070 sunt

83 1098 285 1155 accensi,
318 1115 415 1144 non
450 1108 544 1142 tam
570 1097 639 1143 sui
663 1114 754 1160 pro
777 1097 928 1161 gloria
954 1108 1001 1144 et
1024 1097 1229 1154 honore,
1263 1100 1499 1164 totiusque

83 1176 248 1238 patriae
284 1174 635 1239 magnitudine,
679 1192 821 1239 quam
861 1192 950 1238 pro
984 1187 1079 1221 tam
1118 1177 1497 1223 excellentissimi

81 1253 358 1298 confessoris
388 1268 566 1298 amore.
605 1251 860 1314 Negotium
893 1253 1054 1315 igitur,
1082 1253 1144 1299 ob
1167 1253 1294 1318 quod
1319 1254 1498 1302 Antio-

82 1328 234 1374 chiam
256 1329 430 1384 ierant‚
454 1328 789 1391 expleverunt,
812 1339 857 1373 et
876 1328 983 1374 inde
1002 1331 1280 1393 quantocius
1297 1330 1498 1378 ducente

81 1406 182 1452 Deo
228 1416 576 1452 remeaverunt.
617 1405 735 1451 Cum.
773 1422 888 1451 vero
926 1423 1153 1469 prospere
1189 1409 1407 1470 Myrense
1441 1410 1498 1455 ad

82 1483 212 1529 littus
248 1484 716 1547 appropinquarent,
756 1483 944 1546 jamque
978 1502 1000 1528 a
1038 1486 1198 1547 priore
1231 1485 1499 1533 deficientes

26 1559 28 1561 ’
81 1560 268 1616 ardore,
296 1561 419 1607 ultra
445 1561 646 1606 transire
670 1561 846 1606 vellent
867 1562 958 1623 (Ι),
984 1562 1247 1625 imperante
1269 1564 1369 1611 Deo
1390 1582 1500 1612 con-

82 1638 254 1684 trarius
293 1647 460 1684 ventus
501 1655 524 1682 a
570 1636 746 1683 boreali
788 1648 922 1700 parte
963 1640 1197 1697 surrexit,
1242 1653 1498 1707 nautasque

79 1714 276 1760 Barinos
299 1724 459 1759 austro
482 1713 751 1777 quiescente
777 1714 840 1760 ibi
866 1717 1097 1761 remorari
1125 1718 1294 1781 coegit.
1317 1718 1499 1766 Volun-

83 1800 226 1836 tatem
258 1790 415 1854 itaque
443 1790 527 1836 Dei
561 1791 901 1855 intelligeiite8‚
937 1810 1066 1838 arma
1097 1795 1327 1842 continuo
1359 1813 1497 1842 com-

80 1868 460 1933 prehenderunt,
500 1887 765 1934 paucosque
796 1871 876 1935 qui
907 1882 1029 1918 rates
1061 1872 1252 1919 interim
1285 1875 1498 1921 custodi-

81 1957 188 1992 rent
238 1947 334 1993 acie
378 1948 495 1993 sacta
549 1946 863 2011 relinquunt,
912 1959 958 1994 et
1010 1950 1179 2013 reliqui
1229 1952 1399 1997 muniti
1451 1963 1497 1998 et

84 2023 265 2087 providi
305 2025 407 2087 (2),
445 2025 575 2071 velut
614 2024 825 2071 hostibus
860 2025 1138 2085 obviarent,
1179 2029 1400 2075 festinant
1439 2030 1495 2076 ad

80 2101 323 2148 ecclesiam
354 2103 444 2158 ire,
477 2119 584 2166 quae
623 2102 764 2166 longe
795 2104 925 2167 quasi
956 2105 1108 2167 spatio
1139 2105 1285 2151 trium
1314 2107 1495 2152 millia-

81 2179 265 2225 riorum
287 2190 388 2225 erat
411 2197 433 2225 a
458 2180 637 2226 littore.
664 2180 880 2245 Denique
904 2182 1160 2228 claustrum
1184 2184 1390 2230 ecclesiae
1415 2185 1495 2230 in-

81 2266 296 2314 troeunt,
321 2275 451 2303 arma
468 2257 737 2321 deponunt,
761 2258 1006 2324 aedemque
1024 2272 1233 2307 sanctam
1252 2261 1496 2310 humiliter

81 2333 312 2392 subeunt,
362 2346 670 2400 sanctumque
711 2338 963 2399 praesulem
1002 2338 1213 2403 flagitare
1257 2350 1490 2405 satagunt.

129 2524 179 2567 (1)
196 2522 245 2557 La
258 2522 505 2557 circonstance
518 2523 581 2570 qui
601 2522 651 2557 les
671 2523 864 2569 engageait
881 2524 901 2557 a
919 2535 1096 2558 renoncer
1112 2526 1131 2558 a
1151 2524 1230 2558 leur
1249 2525 1385 2572 projet‚
1408 2538 1495 2561 con-

83 2582 199 2617 sistait
217 2582 306 2618 dans
334 2582 396 2617 des
422 2589 524 2617 vents
545 2582 744 2617 contraires
762 2595 857 2629 pour
876 2594 912 2617 se
933 2583 1066 2618 rendre
1084 2586 1103 2618 ἐι
1123 2585 1224 2630 Myro
1240 2592 1275 2619 ct
1299 2587 1494 2621 tres-savo-

83 2642 199 2677 rables
217 2655 311 2690 pout·
328 2642 526 2689 reprendre
545 2643 577 2676 le
595 2643 744 2677 chemin
764 2642 809 2677 de
827 2643 921 2677 Bari.
944 2644 990 2678 La
1011 2644 1169 2690 tcmpete
1188 2645 1252 2692 qui
1277 2645 1422 2690 s’elcva‚
1445 2646 1494 2681 les

83 2703 244 2748 poussait
262 2715 306 2737 au
320 2703 500 2738 contraire
517 2715 595 2738 vers
610 2704 724 2748 Myre.

130 2761 182 2806 (2)
195 2763 254 2797 Au
278 2762 431 2797 nombre
457 2762 501 2797 de
520 2766 574 2810 47.
601 2762 663 2798 On
688 2774 843 2809 suppose
864 2775 935 2809 que
955 2763 1121 2799 &etaient
1140 2772 1222 2800 tous
1241 2777 1329 2800 ceux
1348 2766 1411 2811 qui
1430 2778 1493 2812 ap-

85 2822 314 2867 partenaient
329 2824 346 2856 a
366 2822 397 2856 la
416 2822 498 2857 ville
516 2822 560 2856 de
580 2822 675 2856 Bari.
