2085 3455
564 292 614 327 96
925 286 1166 325 HISTORIA
1197 285 1595 325 ECCLESIASTICA.
1851 285 1959 336 [944]

562 376 784 433 recedite,
813 385 1051 438 totamque
1077 377 1312 439 regionem
1342 376 1481 421 istam
1510 374 1774 428 devastate,
1810 373 1962 419 ecele-

561 454 663 499 sias
682 453 926 509 destruite,
950 453 1116 498 domos
1140 463 1460 510 concremate,
1472 450 1656 515 furnos
1676 462 1718 497 et
1736 450 1963 497 molendi-

563 548 645 576 nos
667 531 870 594 dejicite,
895 545 1065 592 greges
1078 546 1310 592 pecorum
1327 540 1372 574 et
1387 539 1702 575 armentorum
1719 527 1960 585 abducite,

563 620 606 654 et
643 625 778 654 omne
807 624 960 670 genus
993 606 1249 670 spoliorum
1286 605 1379 652 kae
1413 607 1604 652 ulterius
1637 623 1730 652 non
1768 605 1967 651 redituri

563 695 832 751 asportate,
858 695 901 730 et
917 683 1105 749 praedis
1128 684 1290 729 onusti
1311 680 1521 745 nefarios
1545 683 1813 747 relinquite.

628 764 710 809 His
746 764 806 808 ita
834 761 996 818 dictis,
1035 761 1245 807 dissoluti
1283 759 1528 824 praedones
1558 777 1641 824 per
1674 761 1966 824 provinciam

563 839 718 885 diffusi
743 849 875 896 sunt,
914 837 1193 902 improvisos
1216 853 1462 901 pagenses,
1495 838 1573 901 qui
1596 838 1691 901 jam
1715 835 1800 882 sub
1825 836 1967 882 tutela

564 917 775 981 Hugonis
793 917 880 962 tuti
903 933 997 962 esse
1016 915 1261 979 putabant,
1283 913 1710 971 circumdederunt,
1734 925 1780 960 et
1795 913 1968 978 absque

563 993 884 1041 misericordia
915 993 1044 1040 ducis
1067 994 1189 1057 jussa
1217 1003 1521 1056 peregerunt.
1552 994 1686 1039 Tunc
1716 993 1970 1038 Hei-luimus

565 1071 868 1117 cancellarius
899 1082 945 1117 et
975 1070 1198 1117 Radul‘sus
1226 1070 1282 1116 de
1313 1070 1542 1133 Dragiaeo
1571 1069 1856 1116 rusticorum
1885 1085 1971 1132 pe-

566 1147 703 1193 eudes
722 1148 817 1193 sive
836 1148 1176 1211 supellectilem
1195 1164 1291 1193 non
1313 1157 1620 1205 curaverunt3
1646 1146 1724 1192 sed
1743 1147 1972 1193 Uticensis

568 1224 756 1286 hospitii
782 1240 1040 1281 memores,
1077 1223 1188 1269 illuc
1216 1223 1387 1269 reversi
1416 1233 1552 1278 sunt,
1587 1234 1634 1269 et
1657 1239 1714 1268 ex
1738 1224 1973 1286 insperato

568 1319 675 1347 cum
698 1301 789 1347 suis
819 1301 868 1346 in
900 1300 1177 1347 coenobium
1205 1301 1465 1345 irruerunt.
1492 1300 1734 1345 Basilicam
1757 1317 1970 1364 quoque,

567 1377 860 1441 stupentibus
885 1388 931 1423 et
956 1377 1022 1423 nil
1048 1377 1158 1422 mali
1187 1376 1527 1440 suspicantibus
1557 1376 1835 1434 coenobitis,
1867 1394 1972 1422 cum

569 1466 862 1502 armatorum
898 1454 1121 1501 violentia
1155 1455 1348 1518 ingressi
1381 1465 1513 1511 sunt;
1541 1472 1708 1501 arcana
1736 1455 1898 1518 templi
1929 1465 1975 1501 et

570 1550 696 1579 sacra
732 1532 866 1577 busta
907 1548 1019 1577 mox
1060 1530 1277 1577 adierunt
1290 1550 1302 1589 ;
1349 1531 1438 1576 tria
1475 1548 1674 1594 corpora
1706 1542 1974 1579 sanctorum

570 1609 757 1655 Ebrulfi
781 1620 827 1655 et
848 1607 1144 1655 Ebremundi
1167 1609 1236 1671 (1)
1257 1619 1396 1672 atque
1416 1607 1638 1654 Ansberti
1663 1609 1733 1672 (2)
1758 1609 1814 1655 de
1839 1627 1976 1655 mau-

573 1688 707 1734 soleis
732 1687 1048 1742 sustulerunt‚
1071 1697 1117 1732 et
1140 1686 1278 1732 coriis
1302 1702 1399 1731 ossa
1422 1685 1620 1731 cervinis
1641 1686 1849 1732 involuta
1870 1703 1976 1732 cum

574 1765 673 1811 aliis
693 1765 972 1811 Sanctorum
997 1763 1208 1827 reliquiis
1233 1773 1609 1826 asportaverunt.
1637 1763 1866 1810 Satellites
1887 1782 1977 1810 au·-

575 1854 669 1889 tem
692 1842 886 1889 illorum
904 1840 1080 1905 ubique
1103 1839 1258 1886 diffusi
1283 1850 1414 1897 sunt,
1444 1851 1490 1886 et
1509 1840 1736 1905 quidquid
1760 1840 1977 1888 humanae

574 1920 683 1966 vitae
716 1918 1020 1966 commodum
1056 1928 1363 1981 repererunt,
1403 1917 1625 1964 flentibus
1657 1918 1899 1965 monachis
1933 1929 1980 1965 et

622 2135 672 2179 (1)
691 2133 794 2168 Saint
817 2124 1042 2175 Etreniond,
1063 2131 1260 2178 originaire
1279 2131 1323 2166 de
1341 2132 1501 2178 Bayeux‚
1522 2144 1662 2167 comme
1687 2133 1782 2167 saint
1809 2125 1980 2175 Ev1-0u1t;

578 2193 674 2226 leurs
693 2191 863 2238 legendes
880 2191 1012 2226 offrent
1027 2193 1045 2225 a
1061 2204 1133 2238 peu
1148 2192 1230 2237 pres
1245 2190 1294 2225 les
1309 2192 1444 2226 memes
1462 2192 1555 2226 faits.
1576 2193 1690 2239 Apres
1708 2193 1806 2227 avoir
1826 2194 1983 2227 renonce

578 2252 624 2286 de
640 2252 758 2286 meme
776 2264 845 2286 aux
861 2251 1000 2285 affaires
1017 2250 1210 2298 publiques
1228 2258 1263 2285 et
1282 2254 1301 2285 a
1319 2251 1351 2285 la
1368 2253 1423 2285 vie
1442 2251 1649 2298 conjugale,
1671 2252 1764 2286 saint
1779 2243 1981 2286 Evremond

580 2323 617 2345 se
635 2311 746 2345 retira
768 2310 856 2345 dans
880 2310 912 2344 la
930 2310 1104 2353 solitude,
1136 2323 1198 2345 sur
1227 2323 1274 2344 un
1303 2317 1407 2345 autre
1430 2312 1533 2357 point
1556 2310 1605 2345 du
1629 2311 1771 2346 diocese
1802 2311 1847 2345 de
1877 2311 1980 2354 seez,

580 2373 599 2404 Ξι
625 2370 906 2405 Fontenai-les-
918 2371 1089 2412 Louvets,
1119 2372 1222 2417 apres
1253 2371 1351 2405 avoir
1380 2370 1489 2405 fonde
1519 2383 1567 2405 nn
1598 2371 1756 2417 premier
1783 2372 1984 2405 monastero

581 2421 1124 2474 (Saint-Didier-snr—Ecouve)
1142 2432 1161 2464 a
1180 2443 1251 2464 une
1269 2429 1481 2464 demi-liene
1497 2431 1540 2464 de
1558 2430 1602 2464 l'a.
1620 2431 1828 2473 Annohert,
1849 2431 1983 2479 eveque

581 2489 627 2523 de
645 2489 748 2531 Sem,
771 2488 817 2522 lui
840 2489 879 2523 fit
899 2490 1038 2536 quitter
1055 2501 1089 2523 sa
1108 2490 1256 2524 retraite
1276 2502 1368 2536 pour
1385 2489 1542 2536 prendre
1560 2488 1879 2525 l’administration
1897 2490 1984 2524 d’un

583 2554 686 2581 autre
708 2548 911 2581 monastere
930 2549 1076 2582 nomme
1096 2549 1206 2583 [Mons
1223 2549 1358 2595 ssIajor,
1381 2561 1451 2595 que
1470 2547 1541 2582 l'on
1565 2549 1658 2583 croit
1683 2550 1760 2583 eti-e
1780 2549 1986 2583 Montmere'

582 2614 684 2641 entre
696 2608 883 2652 Argentan
899 2614 934 2641 et
948 2607 1045 2649 seez,
1064 2614 1099 2641 et
1113 2609 1161 2641 οὺ
1175 2608 1198 2642 il
1214 2615 1362 2643 mourut
1379 2620 1423 2642 en
1439 2607 1554 2642 odeur
1568 2608 1613 2642 de
1628 2609 1792 2651 saintete‚
1808 2621 1886 2643 vers
1905 2619 1984 2656 720.

628 2666 677 2709 (2)
702 2665 752 2698 Ce
770 2665 864 2698 saint
889 2672 943 2699 est
962 2665 994 2698 le
1025 2666 1145 2700 moine
1166 2668 1356 2701 ressuscite}
1375 2679 1439 2713 par
1466 2667 1559 2701 saint
1584 2659 1751 2711 Evroult,
1780 2679 1873 2713 pour
1897 2667 1984 2714 qu’il

584 2724 649 2770 psit
667 2724 826 2759 recevoir
840 2724 872 2758 le
891 2725 1069 2771 viafique,
1087 2732 1120 2759 et
1141 2738 1213 2760 non
1233 2727 1325 2761 saint
1344 2727 1519 2767 Ansbert,
1536 2727 1758 2774 ai·chev(“·qne
1779 2727 1822 2760 (le
1842 2727 1982 2765 Roncn,

584 2784 673 2818 dont
693 2785 714 2818 il
737 2785 834 2819 vient
860 2784 974 2819 (Patre
992 2785 1089 2831 parle
1105 2786 1301 2829 ci0dessus‚
1324 2800 1358 2833 p.
1383 2787 1438 2828 84,
