2033 3445
34 305 170 356 [1090]
522 303 677 341 LIBER
706 300 952 339 OCTAVUS.
1368 303 1446 343 343

33 389 246 439 salubria
279 399 391 434 sunt
423 400 467 433 et
497 404 845 454 permansura,
880 386 1109 433 oblivioni
1133 387 1357 433 traditis?
1391 388 1449 434 Si

33 468 246 515 miserias
278 477 324 511 et
357 476 617 522 tormenta,
650 482 760 529 quce
789 463 917 510 male
950 463 1151 511 vivendo
1174 466 1442 521 meremini,

32 544 236 601 sciretis,
261 554 306 589 et
322 542 566 589 horrenda
585 560 692 607 quae
713 542 855 588 modo
876 541 1006 599 vidi,
1029 559 1126 587 ιιηα
1145 542 1314 589 saltem
1332 541 1447 588 hora

31 622 279 678 sentiretis,
295 622 460 667 omnia
474 620 686 685 profecto
700 620 903 667 labentis
915 619 1086 667 sceeuli
1102 619 1451 666 delectamenta

27 719 118 767 pro
158 699 311 745 nihilo
351 700 673 745 [estimat-etis.
717 699 830 745 Haec
870 697 1031 745 dicens
1077 708 1124 744 et
1168 697 1238 743 his
1278 695 1449 744 addere

33 778 165 843 plura
201 776 390 835 volens,
428 775 696 833 obmutuit3
734 787 781 822 et
810 776 1016 823 famosus
1043 776 1178 838 optio
1207 775 1296 830 sic,
1325 775 1450 821 inter

33 855 170 903 verba
198 853 442 911 deficiens,
466 854 711 901 hominem
737 854 884 900 exuit.

95 933 175 978 His
213 932 274 977 ita
310 932 473 995 gestis,
512 930 608 977 dux
641 932 887 978 Brioniam
910 932 1119 995 Rogerio
1146 929 1375 987 reddidit,
1405 941 1452 976 et

33 1008 275 1058 Rodberto
295 1010 525 1072 municipi
547 1011 862 1072 compatiens,
891 1010 1101 1073 patrium
1119 1008 1311 1055 seudum
1331 1026 1450 1072 pro-

33 1088 210 1149 misitm
223 1091 256 1148 ).
277 1087 455 1133 Amicis
474 1087 603 1134 enim
621 1098 668 1133 et
683 1086 962 1151 parentibus
980 1086 1236 1134 admodum
1257 1087 1452 1150 stipatus

76 1272 125 1316 (1)
142 1270 243 1304 Nous
257 1282 367 1304 avons
382 1283 427 1304 vu
445 1270 621 1305 ci-dcssus
633 1298 641 1311 ‚
664 1283 698 1316 p.
719 1268 807 1310 263,
830 1281 902 1316 que
922 1268 954 1302 le
974 1268 1045 1302 duc
1063 1267 1205 1302 Robert
1222 1269 1317 1301 avait
1335 1267 1453 1314 repris

34 1333 52 1365 ἐι
68 1330 192 1377 Roger
212 1330 257 1365 de
275 1330 478 1365 Bcauniont
497 1330 531 1365 le
552 1330 705 1365 cliziteau
727 1329 859 1372 d'Ivri‚
879 1328 1067 1375 jusque-li<
1090 1327 1206 1362 confie
1223 1331 1241 1362 ἐι
1261 1339 1295 1361 sa
1318 1326 1449 1373 garde,

34 1401 124 1436 pour
148 1389 180 1423 le
210 1389 354 1424 donner
380 1392 399 1423 ὲι
427 1389 642 1425 Guillaume
667 1388 712 1423 de
737 1388 916 1431 Breteuil,
938 1396 974 1423 et
995 1400 1067 1436 que
1092 1388 1216 1434 Rogei·
1245 1388 1339 1421 avait
1366 1400 1453 1433 recu

33 1449 189 1484 Brionne
209 1462 253 1484 en
272 1448 629 1496 dedonimagement.
650 1449 749 1483 C'est
767 1455 893 1483 contre
912 1454 969 1482 cet
988 1448 1151 1494 echange
1170 1460 1241 1494 qne
1258 1447 1378 1481 venait
1399 1448 1453 1481 rc-

34 1509 166 1544 clamer
179 1509 211 1544 le
226 1516 345 1544 comte
363 1509 408 1543 de
426 1508 593 1551 moulan,
617 1509 670 1542 fils
688 1508 733 1542 de
753 1508 890 1555 Rogcr.
913 1508 942 1542 ll
961 1521 1006 1543 ne
1023 1509 1100 1542 saut
1118 1519 1181 1554 pas
1200 1506 1404 1542 confondre
1419 1506 1453 1540 la

33 1569 233 1616 possession
250 1568 300 1603 du
312 1570 465 1604 chfiteau
482 1569 590 1603 d'Ivri
605 1581 688 1603 avec
699 1568 730 1603 la
743 1569 880 1615 charge
898 1568 1108 1603 subalterne
1125 1568 1170 1602 de
1185 1566 1312 1614 prevot
1325 1566 1450 1608 &Ivi—i,

32 1629 238 1678 qu'Ascelin
254 1630 349 1665 Goel
366 1630 523 1677 exercuit
541 1632 560 1664 {1
578 1630 664 1664 titre
682 1628 926 1671 hereditaire,
947 1635 1054 1662 avant
1072 1628 1117 1663 de
1137 1628 1245 1663 s'etoe
1262 1628 1328 1662 fait
1345 1626 1453 1662 ceder

34 1687 64 1724 le
82 1688 236 1723 chateau
249 1702 314 1736 par
326 1688 540 1724 Guillaume
553 1688 599 1723 de
614 1687 796 1730 Breteuil‚
821 1699 966 1722 comme
986 1699 1078 1721 nous
1095 1698 1230 1721 venons
1249 1686 1294 1721 de
1309 1686 1342 1720 le
1360 1686 1451 1719 voir.

75 1747 228 1784 Suivant
260 1749 293 1783 le
326 1749 588 1784 continuateur
621 1748 667 1783 de
703 1747 916 1783 Guillaume
950 1747 994 1782 de
1024 1748 1212 1794 Jumieges
1225 1776 1233 1789 ‚
1271 1758 1311 1780 ce
1345 1746 1452 1780 serait

33 1805 153 1853 Roger
179 1807 226 1842 de
253 1807 451 1849 Biensaste,
479 1814 516 1842 et
544 1819 617 1842 nou
644 1806 786 1841 Robert
810 1805 856 1840 de
882 1806 1039 1848 Meules,
1064 1806 1128 1852 qui
1153 1805 1273 1839 aurait
1295 1804 1454 1839 reclamo

34 1865 208 1911 Brionne3
229 1867 319 1902 mais
338 1867 462 1913 Roger
488 1866 533 1902 de
557 1867 736 1901 Bienfaite
759 1872 796 1900 ct
822 1877 886 1899 son
906 1866 993 1911 pcre
1014 1866 1155 1899 avaient
1173 1865 1254 1911 dejk
1276 1866 1335 1899 ete
1355 1863 1454 1898 suffi-

33 1932 208 1960 samment
221 1925 483 1972 de'dommages
497 1924 542 1959 de
557 1924 591 1959 la
605 1924 810 1959 succession
828 1922 879 1957 du
892 1931 1013 1958 comte
1026 1922 1214 1958 Gislebert
1231 1922 1278 1957 de
1291 1923 1454 1957 Brionnc

33 1995 95 2030 par
111 1982 162 2018 les
182 1990 298 2018 terres
318 1982 368 2017 du
390 1984 564 2018 Hommet
581 1995 625 2017 en
645 1981 873 2017 Nox-mandie
891 1989 929 2016 et
945 1980 990 2015 dc
1010 1980 1230 2028 Tunbridge
1251 1994 1296 2016 en
1315 1981 1455 2028 Angle-

34 2048 144 2087 terre,
174 2043 296 2078 tandis
323 2056 395 2091 que
422 2043 616 2077 Baudouin
644 2042 689 2077 de
713 2042 852 2077 Meules
875 2048 911 2076 et
936 2053 990 2076 ses
1011 2040 1253 2076 descendants
1273 2041 1454 2076 n’avaient

33 2113 162 2138 encore
184 2115 273 2150 recu
291 2115 412 2138 aucun
433 2103 643 2150 equivalent
668 2114 764 2149 pour
787 2101 866 2136 leur
890 2107 974 2148 part
997 2100 1087 2135 dans
1111 2107 1206 2135 cette
1233 2101 1454 2136 succession.

36 2162 81 2198 Le
102 2163 173 2198 duc
192 2163 333 2198 Robert
355 2175 400 2198 ne
424 2164 574 2210 pouvait
596 2162 733 2198 confier
757 2163 917 2197 Brionne
942 2165 961 2197 ἐι
981 2175 1032 2197 un
1051 2161 1234 2197 chfitelain
1254 2161 1336 2209 plus
1358 2162 1454 2197 inte-

35 2223 127 2257 resse
147 2224 166 2257 ἐι
190 2222 224 2257 le
244 2221 421 2257 defendi-e
444 2230 572 2257 contre
597 2222 649 2257 les
673 2223 862 2269 seigneurs
884 2221 930 2257 de
955 2220 1361 2268 Beauniont-le-Roger
1384 2233 1457 2269 que

35 2278 172 2316 Robert
187 2280 233 2316 de
250 2281 410 2325 Meules‚
432 2281 602 2328 petit-fils
622 2282 673 2316 du
692 2281 937 2329 proprietaire
952 2280 1130 2328 primitis,
1149 2280 1182 2316 le
1198 2287 1318 2316 comte
1334 2280 1457 2316 Gisle-

35 2339 126 2376 bert.
146 2341 293 2385 Emma,
311 2342 412 2376 mere
427 2341 472 2376 de
490 2341 633 2376 Robert
649 2341 694 2376 de
712 2341 870 2385 Meules,
890 2342 979 2375 etait
998 2341 1070 2375 fille
1085 2340 1197 2376 d’une
1216 2347 1317 2376 tante
1333 2340 1384 2375 du
1402 2342 1456 2376 roi

34 2398 262 2443 Guifflmme,
295 2401 483 2447 peut-etse
510 2400 688 2443 Adelidc,
724 2401 857 2436 femme
885 2400 930 2435 de
960 2400 1115 2436 Renaud
1144 2400 1190 2435 de
1219 2401 1454 2448 Bourgogne.

35 2458 140 2495 Alors
162 2460 305 2495 Rohert
327 2462 446 2496 aurait
466 2474 513 2496 eu
537 2473 670 2496 encore
692 2463 710 2495 {1
735 2461 826 2495 faire
850 2460 965 2495 valoir
989 2472 1051 2495 sur
1074 2461 1236 2496 Brioune
1258 2472 1333 2495 une
1354 2468 1457 2496 aun-e

35 2520 262 2564 pretention,
285 2533 428 2556 comme
448 2533 565 2556 neveu
584 2521 629 2556 de
648 2521 725 2556 Gui
747 2520 792 2555 de
810 2521 1043 2567 Bourgogne.

79 2579 110 2613 A
130 2579 322 2615 l’occasion
346 2580 397 2615 du
416 2581 571 2616 chateau
589 2580 635 2616 de
656 2580 894 2627 Timbridge,
916 2579 1038 2615 donne
1055 2583 1074 2615 ὲ
1094 2579 1261 2615 Richard
1280 2579 1326 2614 de
1346 2579 1456 2613 Bien-

37 2636 119 2673 saite
139 2651 185 2674 en
209 2640 372 2687 eehange
398 2641 444 2676 de
469 2641 648 2685 Brionne,
672 2641 705 2676 le
730 2640 991 2675 continuatcur
1014 2640 1060 2674 de
1083 2640 1300 2676 Guillaume
1322 2638 1367 2673 dc
1388 2640 1457 2673 Ju-

38 2698 170 2745 mieges
189 2708 362 2747 rapporte
382 2701 618 2736 l’historiettc
639 2702 803 2735 suivante
823 2717 827 2733 ς

84 2758 177 2793 Sunt
189 2762 423 2806 mltiquornm
435 2762 596 2807 plurimi,
613 2763 677 2808 qni
689 2761 816 2795 dicun(
830 2759 931 2806 (siaul
944 2760 1164 2800 Riclmrdus,
1180 2767 1288 2805 paler
1304 2759 1454 2804 [ingeri.

39 2830 101 2861 pro
123 2823 332 2864 repetilimm
355 2821 518 2866 eiusdem
541 2824 655 2855 rastri
675 2821 814 2855 (ludum
840 2823 873 2853 1'11
904 2821 1045 2865 Anglia
1067 2826 1259 2865 (temperat
1282 2817 1455 2864 oppidum
