2085 3455
580 325 659 364 514
956 323 1199 361 HISTORIA
1231 322 1633 360 ECCLESIASTICA.
1859 325 1995 375 [1097]

580 413 834 477 progressi,
855 411 1170 459 obviaverunt
1184 411 1265 466 eis,
1287 409 1344 456 ad
1360 409 1674 456 resistendum
1687 410 1856 473 parati.
1879 411 2000 456 Tan-

580 489 768 546 credus,
795 489 870 534 vir
892 488 1111 552 equidem
1135 487 1387 551 singularis
1415 487 1732 544 strenuitatis,
1764 486 1998 533 hostiliter

580 583 819 631 aggressos
845 565 1051 611 viriliter
1074 564 1283 621 caecidit,
1313 580 1485 628 eosque
1507 563 1739 627 fugientes
1760 565 1808 610 in
1833 562 2000 610 urbem

579 644 835 709 refugavit,
874 653 920 690 et
952 642 1124 689 urbem
1160 641 1361 689 obsedit.
1399 640 1550 688 Nocte
1588 642 1821 697 insecuta,
1859 642 1998 688 Turci

579 725 830 787 sugerunt,
853 732 899 768 et
918 722 1040 767 cives
1066 720 1154 767 sub
1180 720 1281 784 ipso
1301 720 1455 767 noctis
1475 720 1680 766 articulo
1711 719 1802 765 alte
1826 719 2001 766 clama—

577 810 751 847 verunt
775 819 785 845 ε
815 800 1001 845 Franci
1037 798 1403 862 triumphatores
1431 797 1560 844 orbis
1588 810 1635 843 et
1654 798 2000 854 dominatores,

585 880 735 924 Ture-i
780 887 1093 929 recesserunt‚·
1143 875 1255 922 urbs
1299 886 1461 939 patet,·
1508 875 1721 921 accedite
1732 878 1748 920 Ι
1790 875 2001 933 Currite,

580 957 761 1002 Franci
798 954 1121 1009 invictissimi,
1155 955 1387 1016 receptari
1420 953 1682 1007 civitatem,·
1713 953 1918 1009 currite,
1949 970 2007 998 ne

579 1032 860 1080 moremini!
884 1032 985 1077 Cur
1004 1029 1243 1076 tardatis?
1263 1031 1375 1076 Haec
1393 1046 1566 1094 nempe
1585 1041 1851 1077 castrorum
1868 1047 2008 1076 excu-

579 1110 760 1156 bitores
784 1108 907 1155 hene
929 1106 1202 1153 audierunt.
1227 1106 1317 1153 Sed
1340 1106 1571 1171 quoniam
1591 1124 1686 1153 nox
1710 1117 1838 1165 erat,
1861 1107 2008 1153 consi-

582 1187 700 1234 lium
728 1195 775 1233 et
813 1185 1061 1248 negotium
1096 1183 1212 1230 illud
1248 1185 1298 1230 in
1330 1182 1457 1230 diem
1480 1183 1680 1230 dilatum
1703 1194 1788 1230 est.
1822 1183 2007 1230 Aurora

584 1265 935 1320 illuscescente,
964 1272 1203 1309 venerunt
1237 1262 1437 1309 civitatis
1472 1263 1699 1326 majores,
1722 1279 1864 1327 seque
1902 1280 2009 1308 sua-

583 1359 675 1408 que
710 1341 990 1389 Christianis
1025 1339 1274 1398 dedentes,
1303 1351 1350 1387 et
1372 1339 1676 1387 Tancredum
1705 1339 1795 1386 sibi
1832 1341 2010 1404 princi-

585 1438 694 1486 pem
713 1421 957 1485 eligentes.
977 1418 1049 1465 Ibi
1071 1419 1345 1483 principum
1362 1436 1533 1483 magna
1554 1419 1610 1465 lis
1628 1429 1792 1466 exorta
1811 1429 1896 1465 est.
1914 1419 2012 1465 Bal-

586 1499 758 1547 duinus
793 1499 946 1555 enim,
983 1498 1112 1561 cujus
1152 1498 1385 1544 exercitus
1422 1498 1623 1562 majores
1658 1509 1796 1544 erant
1835 1498 2009 1561 copiae,

589 1587 716 1623 totus
733 1585 835 1622 erat
858 1575 906 1621 in
930 1585 1156 1638 penatum
1174 1573 1570 1637 depopulatione,
1594 1575 1667 1620 vel
1692 1574 1861 1621 urbem
1879 1573 2014 1620 dimi-

589 1653 718 1701 diam
743 1651 1002 1700 vindicare.
1026 1653 1179 1699 Porro
1197 1651 1493 1708 TancreduS,
1523 1662 1575 1698 ut
1595 1663 1696 1698 erat
1714 1652 2010 1708 moderamS,

592 1732 763 1779 maluit
780 1729 912 1777 urbis
947 1729 1198 1777 dominatu
1230 1746 1415 1787 carere,
1447 1747 1591 1795 quam
1627 1731 1826 1787 civium,
1854 1731 1936 1795 qui
1970 1747 2018 1777 se

594 1808 869 1874 benigniter
906 1807 1059 1854 eidem
1108 1808 1472 1866 commiserant,
1510 1808 1751 1856 facultates
1788 1808 2014 1872 diripere.

595 1886 734 1935 Unde
768 1887 860 1933 suis
883 1886 1073 1950 signum
1098 1885 1254 1943 dedit,
1285 1886 1507 1951 lituisque
1539 1887 1895 1951 clangentibus,
1931 1886 2020 1932 ali-

598 1964 885 2030 quantulum
917 1964 1220 2020 amaricatus,
1246 1962 1491 2021 abscessit,
1515 1974 1562 2011 et
1593 1964 1851 2011 Balduinus
1874 1974 2018 2011 totam

599 2043 801 2090 Tarsum
825 2042 951 2090 solus
972 2041 1183 2089 obtinuit
1205 2042 1296 2106 (1).
1329 2042 1427 2089 Nec
1449 2060 1609 2100 mora,
1643 2041 1891 2090 Tancredo
1917 2042 2020 2107 duae

602 2119 812 2167 civitates
836 2119 1032 2183 optimae
1053 2140 1062 2165 :
1086 2119 1230 2166 Azera
1256 2119 1329 2183 (2)
1359 2129 1405 2166 et
1429 2119 1672 2166 Mamistra
1700 2120 1770 2183 (5)
1784 2155 1797 2177 ,
1824 2118 2019 2166 redditae

652 2301 704 2347 (1)
730 2300 782 2335 Ce
805 2299 898 2334 recit
922 2299 1015 2334 n'est
1040 2310 1104 2346 pas
1126 2299 1385 2346 parfaitement
1409 2305 1523 2333 exact.
1547 2298 1613 2333 Les
1634 2299 1751 2333 Tui-cs
1773 2298 2024 2332 n’evacuerent

608 2374 672 2408 pas
689 2359 1022 2396 clandestinement
1041 2360 1154 2395 Tarse
1173 2359 1424 2406 (aujourd'hui
1445 2359 1634 2403 Tarsous),
1651 2359 1741 2393 mais
1754 2358 1797 2393 ils
1811 2358 2025 2393 arborei-ent

607 2422 641 2458 le
656 2421 819 2469 drapeau
836 2420 899 2455 des
918 2421 1133 2464 Chretiens‚
1159 2433 1205 2456 en
1225 2427 1451 2467 promettant
1475 2419 1520 2454 de
1539 2432 1575 2454 se
1594 2419 1741 2463 rendre,
1761 2419 1834 2453 s’ils
1853 2418 2026 2453 n'etaient

607 2493 671 2528 pas
696 2491 883 2515 secourus.
907 2479 958 2514 Ce
984 2479 1041 2514 fut
1062 2478 1257 2514 Baudouin
1281 2479 1345 2526 qui
1368 2479 1502 2513 acheva
1524 2478 1570 2513 de
1591 2478 1642 2513 les
1659 2478 1804 2513 chasser
1823 2477 1887 2512 des
1904 2483 2023 2518 ἴθυνε,

608 2541 717 2589 qu'ils
733 2539 951 2587 occupaient
967 2551 1117 2583 encore,
1137 2539 1304 2587 lorsqu'il
1320 2546 1383 2574 eut
1398 2538 1580 2586 remplace
1596 2537 1786 2574 Tancrede
1803 2537 1892 2572 dans
1907 2537 2027 2572 l’inte-

611 2602 711 2636 rieur
728 2600 774 2634 de
792 2599 822 2633 la
843 2600 956 2647 place.

653 2662 707 2707 (2)
725 2660 824 2694 Lisez
843 2675 850 2694 ;
872 2658 1024 2694 Adana.
1053 2660 1160 2695 Cette
1184 2659 1266 2694 ville
1288 2667 1342 2694 est
1362 2660 1477 2694 situee
1495 2660 1512 2693 a
1535 2659 1618 2693 huit
1635 2658 1750 2693 lieues
1767 2664 1821 2692 est
1838 2655 1883 2690 de
1901 2655 2024 2690 Tarse.

611 2719 824 2763 Tancrede,
848 2719 881 2753 la
899 2726 1074 2754 trouvant
1093 2719 1174 2765 dejii
1198 2721 1357 2766 occupec
1377 2732 1441 2765 par
1463 2731 1514 2752 un
1538 2717 1720 2752 chevalier
1743 2716 2023 2762 Bourguignon,

610 2781 758 2816 nomme
776 2777 930 2821 Guelfe‚
952 2789 1053 2824 passa
1071 2785 1194 2822 outre,
1216 2780 1320 2825 apres
1340 2779 1389 2824 s'y
1408 2778 1485 2812 &tre
1504 2779 1632 2824 repose
1651 2784 1686 2811 et
1703 2775 1996 2824 approvisionne.

652 2840 705 2887 (3)
729 2841 827 2876 Lisez
848 2853 852 2859 ·
877 2839 1104 2878 Malmistra,
1130 2839 1329 2873 Paneicnue
1355 2839 1590 2884 illapsueslia,
1625 2837 1773 2884 appelee
1795 2833 2026 2881 aujourd'hui
