2085 3455
525 342 604 381 574
770 341 1013 379 HISTORIA
1047 340 1451 381 ECCLESIASTICA,
1489 344 1797 390 [sumo-AUGUSTO
1817 344 1936 394 1098]

520 427 760 476 ardorem.
782 429 939 475 AEstus
959 428 1134 493 quippe
1158 428 1538 492 quammaximus
1557 439 1676 475 erat.
1696 429 1934 494 Denique,

519 517 771 571 postquam
812 506 1028 554 laborem
1074 506 1390 570 nequiverant
1439 506 1639 570 amplius
1681 507 1910 554 sustinere
1925 544 1936 563 ,

522 600 610 630 nec
630 583 728 629 sitis
753 582 974 630 ardorem
994 599 1317 646 compescere;
1343 582 1573 647 quoniam
1592 581 1649 628 ad
1670 583 1942 629 refocillan-

521 659 637 706 dum
674 660 806 706 nulla
848 659 1178 706 inveniebatur
1210 677 1358 723 aqua,
1402 660 1558 706 conati
1596 671 1705 705 suut
1739 670 1786 706 et
1820 677 1942 707 con-

521 737 772 795 dixerunt,
797 736 855 782 acl
875 737 1118 783 castellum
1137 755 1273 782 suum
1295 736 1621 800 conglobatim
1646 747 1692 783 et
1710 735 1943 801 gradatim

523 814 696 860 redire.
726 812 815 859 Sed
839 829 952 876 gens
976 812 1180 859 invalida
1214 823 1260 859 et
1287 812 1473 860 indocta
1490 849 1502 871 ,
1527 812 1706 877 pedites
1726 812 1944 860 videlicet

525 909 579 938 ac
602 890 791 937 Suriani
807 926 819 946 ,
846 888 1015 936 ordine
1035 901 1195 952 spreto
1218 900 1265 936 et
1289 889 1445 937 edicto
1469 891 1678 936 militum
1701 891 1940 954 neglecto,

525 970 677 1015 nimio
700 968 907 1030 correpti
928 984 1130 1030 pavore,
1157 978 1414 1031 coeperunt
1432 968 1739 1033 disgregatim
1761 970 1940 1032 sugere.

524 1047 736 1094 Gentiles
759 1056 917 1092 autem
941 1046 1005 1091 eis
1030 1045 1243 1092 indefessi
1271 1044 1535 1102 instabant,
1560 1056 1607 1091 et
1632 1056 1761 1109 terga
1782 1044 1947 1092 ceden-³

525 1135 591 1170 tes
613 1123 986 1189 insequebantur
1004 1134 1051 1169 et
1067 1123 1314 1170 caedebant
1328 1159 1340 1179 ,
1363 1134 1410 1169 et
1431 1123 1552 1186 lupis
1572 1123 1847 1180 atrociores,
1868 1140 1947 1169 ne-

522 1203 643 1249 mini
664 1201 941 1267 parcebant.
965 1202 1256 1266 Suggerebat
1282 1202 1373 1248 illis
1392 1202 1515 1248 vires
1536 1212 1697 1265 optata
1720 1201 1917 1248 victoria
1932 1237 1943 1257 ,

524 1291 570 1327 et
586 1282 833 1345 praesentis
854 1281 1081 1343 temporis
1105 1279 1459 1345 opportunitas.
1481 1279 1620 1325 Multi
1644 1280 1800 1343 itaque
1818 1289 1945 1333 sunt,

523 1358 581 1405 de
619 1370 759 1424 gente
791 1357 975 1422 plebeia
1015 1368 1062 1404 et
1095 1357 1418 1421 pusillanimi,
1459 1356 1616 1421 gladio
1652 1357 1831 1414 necati3
1870 1356 1945 1401 alii

523 1452 640 1482 vero
670 1435 817 1481 nimia
847 1435 922 1480 siti
956 1434 1187 1481 suffocati.
1223 1434 1312 1494 Qui
1338 1444 1497 1480 autem
1536 1434 1630 1479 vivi
1669 1443 1945 1489 evaserunt,

525 1532 635 1561 cum
670 1511 940 1559 Raimundo
983 1512 1307 1558 Talamaniam
1345 1511 1619 1568 redierunt,
1659 1509 1820 1574 ibique
1853 1510 1949 1556 dies

524 1592 708 1656 aliquot
722 1591 954 1637 fecerunt.
979 1589 1160 1636 Occisio
1182 1589 1284 1635 haec
1303 1589 1599 1653 mensejulio
1626 1589 1698 1652 (Ι)
1720 1589 1839 1634 sacta
1860 1599 1945 1642 est,

525 1679 572 1714 et
602 1666 923 1731 superborum
955 1666 1207 1711 insolentia
1240 1665 1466 1712 divinitus
1503 1665 1724 1728 castigata
1758 1675 1843 1710 est.
1872 1664 1949 1709 Sic

525 1746 759 1793 nimirum
793 1744 914 1790 filios
952 1744 1093 1789 Israel
1136 1744 1185 1789 in
1224 1744 1366 1789 sacris
1400 1741 1639 1791 codicibus
1674 1743 1948 1805 frequenter

525 1824 718 1870 afflictos
754 1822 954 1885 legimus
971 1857 984 1878 ,
1027 1831 1074 1867 et
1111 1821 1159 1867 in
1198 1820 1329 1867 bello
1370 1821 1519 1867 victos
1557 1838 1581 1865 a
1613 1819 1866 1866 Philistiim
1903 1830 1948 1865 et

522 1902 681 1949 Edom
714 1912 855 1965 atque
893 1899 1081 1946 Madian
1104 1934 1116 1955 ,
1158 1899 1354 1963 aliisque
1393 1898 1562 1944 vicinis
1603 1896 1854 1962 gentibus;
1896 1908 1949 1942 ut

524 1990 812 2045 cogerentur
830 1977 887 2024 ad
910 1978 1063 2024 Deum
1085 1994 1271 2040 semper
1295 1992 1570 2032 recurrere,
1593 1986 1640 2021 et
1663 1975 1711 2021 in
1729 1974 1949 2022 observa-

526 2059 660 2105 tione
684 2055 1021 2103 mandatorum
1040 2056 1136 2119 ejus
1159 2071 1482 2118 perseverare.

593 2134 863 2182 Antiochiae
903 2144 1017 2180 tunc
1052 2132 1364 2189 N'Aimarus,
1399 2131 1639 2179 Podiensis
1673 2132 1944 2195 episcopus,

526 2212 802 2277 aegrotavit,
820 2221 867 2257 et
883 2220 1083 2274 paterno
1102 2227 1236 2257 more
1254 2209 1479 2274 lugubres
1499 2208 1620 2256 filios
1642 2208 1945 2264 confortavit,

526 2291 746 2355 viamque
772 2289 1004 2335 universae
1028 2289 1183 2336 carnis
1209 2287 1505 2353 ingrediens,
1530 2286 1742 2335 kalendis
1766 2288 1947 2351 augusti

526 2367 585 2414 ad
601 2367 864 2415 Dominum
882 2366 1123 2430 migravit.
1152 2367 1326 2412 Luctus
1350 2366 1508 2431 itaque
1537 2364 1874 2412 immoderatus
1899 2364 1946 2410 in

528 2456 628 2492 tota
660 2444 834 2491 Christi
870 2444 1041 2490 militia
1075 2445 1221 2491 factus
1259 2455 1353 2503 est,
1394 2445 1622 2509 quoniam
1660 2444 1756 2507 ipse
1796 2443 1949 2489 fuerat

528 2522 782 2570 consilium
816 2520 1075 2579 nobilium,
1103 2539 1204 2586 spes
1241 2521 1595 2586 orphanorum,
1631 2519 1948 2568 imbecillium

528 2610 978 2656 sustentamentum,
1017 2600 1251 2647 militibus
1287 2600 1432 2648 homo
1471 2599 1709 2646 militaris.
1741 2598 1947 2645 Clericos

529 2679 812 2726 clericaliter
834 2677 1061 2725 educebat
1087 2689 1133 2726 et
1161 2678 1413 2738 educabat,
1437 2676 1691 2742 prudentia
1716 2675 1945 2741 singulari

578 2858 631 2902 (ι)
655 2857 702 2891 Le
724 2856 743 2891 5
758 2856 891 2903 juillet.
