2033 3445
664 315 815 352 LIBER
843 315 1049 353 SEXTUs‘.
1532 319 1553 353 3

163 404 416 467 nipotentis
446 403 725 465 imperantes
756 401 982 448 dominati
1016 413 1151 457 sunt,
1178 401 1276 464 jam
1307 419 1410 447 cuin
1448 421 1556 466 rege

159 498 258 536 suo,
276 495 473 542 superna
496 477 711 525 mercede
729 479 884 541 potiti,
901 478 1054 524 felices
1070 478 1114 522 in
1134 478 1258 524 coelo
1276 479 1553 526 consistunt.

158 560 448 604 Successores
470 569 626 604 autem
650 574 840 613 eorum,
868 557 946 621 qui
966 556 1206 619 potestatis
1231 557 1409 619 apicem
1432 557 1555 603 obti-

158 645 298 691 nent,
342 645 387 680 et
424 634 577 681 Rabln?
614 635 896 691 vocitantur,
933 644 1071 698 atque
1111 650 1250 696 super
1288 633 1555 680 cathedram

159 710 306 772 Moysi
331 709 558 766 resident,
585 709 885 756 saecularibus
908 710 1089 773 pompis
1108 720 1154 755 et
1171 708 1344 755 divitiis
1366 709 1556 773 (quibus

159 786 370 851 plerique
400 788 598 832 nimium
631 786 839 847 inhiant)
873 786 1199 849 multipliciter
1239 786 1451 848 pollent;
1479 787 1556 833 sed

157 865 326 910 merito
349 864 602 909 sanctitatis
617 900 628 919 ,
658 863 962 926 potentiaque
984 863 1214 907 virtutum
1238 873 1283 908 et
1312 862 1555 927 prodigio—

157 958 263 986 rum
287 958 382 987 non
408 957 540 1005 aeque
564 941 787 986 renitent.
809 940 877 986 De
897 957 1034 986 cursu
1061 950 1214 984 tamen
1239 940 1396 986 saecuti
1417 951 1462 986 et
1486 958 1556 986 re-

155 1017 240 1063 bus
254 1017 468 1064 humanis
486 1019 714 1064 veraciter
728 1016 1030 1063 scribendum
1045 1028 1128 1073 est,
1148 1028 1286 1081 atque
1301 1016 1358 1063 acl
1370 1017 1554 1064 laudem

155 1095 389 1142 Creatoris
419 1106 465 1142 et
485 1096 696 1142 omnium
721 1111 878 1140 rerum
911 1095 1023 1158 justi
1056 1094 1386 1158 gubernatoris
1413 1095 1552 1141 chro-

156 1173 410 1237 nographia
433 1173 674 1237 pangenda
711 1184 795 1218 est.
821 1173 1043 1218 AEternus
1074 1173 1197 1218 enim
1223 1172 1442 1219 conditor
1471 1191 1553 1219 us—

152 1266 244 1314 que
263 1249 405 1297 modo
427 1261 670 1313 operatur,
698 1260 745 1294 et
761 1250 917 1295 omnia
944 1249 1063 1294 mire
1083 1247 1317 1311 (lisponit5
1346 1248 1402 1295 (le
1427 1251 1554 1313 cujus

153 1327 370 1390 gloriosis
394 1326 571 1373 actibus
604 1328 800 1391 quisque
830 1343 918 1389 pro
951 1343 1033 1371 suo
1069 1326 1206 1371 libitu
1241 1337 1287 1371 et
1318 1344 1449 1390 posse
1479 1328 1553 1390 pie

152 1415 359 1466 promat,
384 1404 509 1469 quotl
533 1405 573 1450 ci
598 1403 819 1449 divinitus
842 1403 1117 1465 inspiratum
1143 1404 1307 1448 fuerit!

216 1482 274 1526 ΙΙ.
303 1481 445 1528 Anno
467 1481 526 1527 ab
549 1482 870 1527 incarnatione
899 1480 1089 1526 Domini
1116 1490 1168 1524 Μυ
1189 1489 1264 1525 Lx‘J
1287 1489 1372 1535 ΠΟ,
1403 1480 1550 1526 indic—

154 1560 279 1605 tione
293 1560 473 1623 quinta,
488 1559 767 1605 Guillelmus
779 1557 872 1603 dux
884 1557 1290 1614 Normannorum,
1305 1556 1550 1603 deficiente

150 1637 328 1682 strenui
348 1637 468 1700 regis
488 1635 658 1700 Edgari
680 1636 840 1698 stirpe,
864 1652 968 1699 quae
997 1634 1160 1680 idonea
1180 1645 1295 1681 esset
1312 1634 1368 1680 ad
1394 1646 1551 1682 tenen-

151 1711 262 1758 dum
280 1724 515 1776 sceptrum
534 1714 706 1777 regale,
730 1730 836 1758 cum
853 1712 1012 1757 multis
1031 1712 1239 1758 millibus
1258 1723 1547 1759 armatorum

150 1788 206 1835 ad
226 1789 405 1853 Anglos
425 1790 758 1845 transfretavit,
781 1800 825 1835 et
848 1790 892 1834 in
915 1806 1080 1851 campo
1101 1789 1266 1835 Senlac
1286 1790 1550 1836 invasorem

151 1868 282 1931 regni
297 1867 511 1913 Albiouis
523 1867 777 1913 Harahtum
789 1866 916 1914 bello
930 1867 1142 1930 peremit.
1156 1866 1347 1919 Deinde,
1360 1867 1549 1914 Francis

149 1954 195 1988 et
226 1943 391 2008 Anglis
416 1942 798 2007 peroptantibus,
839 1944 885 1989 in
907 1942 981 1989 die
1013 1943 1187 1989 Natalis
1211 1944 1399 1990 Domini
1426 1945 1547 2007 apud

149 2020 629 2067 Guestmonasterium
653 2021 711 2067 ab
737 2020 971 2068 Adelreclo
998 2020 1281 2067 Eboracensi
1311 2020 1548 2085 archiepi-

148 2116 290 2161 scopo
315 2116 397 2145 rex
421 2111 713 2146 consecratus
737 2110 829 2155 est,
861 2115 1100 2163 regnoque
1131 2099 1331 2162 Anglico
1365 2115 1427 2144 xx
1457 2116 1546 2145 an—

149 2176 219 2221 nis
254 2186 300 2222 et
340 2193 426 2223 v111
462 2177 703 2223 mensibus
743 2195 794 2222 ac
831 2194 908 2223 xvi
945 2175 1108 2222 diebus
1143 2177 1330 2222 fortiter
1370 2177 1546 2240 potitus

146 2263 213 2298 est
245 2253 686 2316 (1).Contumaces
723 2255 854 2318 regni
894 2254 1012 2301 filios
1052 2254 1306 2317 confregit,
1348 2254 1546 2300 vinculis

147 2330 330 2394 injecit,
360 2330 683 2388 exheredavit,
709 2331 913 2396 expulit,
936 2343 980 2377 et
1004 2343 1132 2377 extra
1161 2332 1359 2378 limitem
1380 2331 1544 2378 natalis

145 2407 229 2452 soli
245 2406 476 2471 dispersit.
498 2409 699 2455 Clientes
719 2426 830 2456 vero
848 2427 952 2456 suos
973 2420 1019 2455 et
1037 2410 1239 2456 fautores
1253 2409 1539 2466 sublimavit,

143 2486 322 2548 magnis
340 2485 598 2533 honoribus
619 2488 939 2550 locupletavit,
962 2488 1189 2551 regnique
1209 2487 1406 2550 negotiis
1426 2505 1543 2550 prae-

144 2562 300 2609 ficiens
322 2565 653 2628 magnificavit.
680 2565 750 2611 Ex
783 2564 851 2611 his
887 2567 1023 2629 Hugo
1058 2564 1408 2611 Abrincatensis
1438 2566 1536 2628 (2),

143 2638 324 2686 Ricarcli
349 2642 628 2705 cognomine
648 2641 743 2688 Goz
769 2641 911 2696 filius,
943 2641 1064 2687 inter
1089 2652 1282 2687 caeteros
1306 2652 1541 2704 magnates

189 2789 237 2831 (ι)
257 2789 299 2821 25
319 2787 510 2822 decembre
535 2787 664 2834 ioGIi-g)
682 2786 885 2833 septembre
910 2786 1007 2832 1087.

187 2851 237 2893 (2)
256 2852 310 2883 Αιι
332 2848 423 2892 snjct
442 2847 485 2881 dc
505 2860 543 2881 cc
565 2847 744 2892 seigneur,
768 2858 870 2890 voyc7
891 2844 1066 2878 ‹ei-(tessus
1088 2851 1110 2876 t.
1137 2844 1186 2884 ΙΙ,
1208 2855 1241 2888 p.
1264 2854 1343 2887 ⁹1¹3·
