2033 3445
75 282 285 332 [560-596]
577 282 730 320 LIBER
758 283 965 323 SEXTUS.
1421 295 1466 332 61

75 367 255 424 culum,
277 384 417 432 quem
437 385 578 413 manu
600 367 830 431 gestabat,
860 370 1051 417 interra
1073 371 1258 431 defixit,
1283 376 1473 442 Deoque

74 445 244 508 gratias
269 460 431 507 agenS,
459 443 682 490 ambabus
710 446 926 493 manibus
949 466 1142 512 agapem
1163 453 1228 513 (ι)
1253 457 1468 517 suscepit.

73 521 281 584 Cumque
316 519 372 565 de
410 520 556 567 humo
586 520 806 568 baculum
832 523 1153 583 abstraxisset,
1193 545 1278 575 nec
1322 529 1472 578 adhuc

73 597 372 658 eleemosynae
405 596 612 658 portitor
645 597 701 644 de
734 599 839 646 loco
873 601 1155 659 recessisset,
1184 603 1339 652 subito
1370 606 1474 653 fons

71 690 281 737 magnuS,
303 672 539 736 cuspidem
557 674 710 722 baculi
729 688 927 735 secutus,
951 681 1130 744 erupit,
1153 682 1232 746 qui
1258 700 1402 747 usque
1424 685 1469 730 in

70 749 349 796 hodiernum
370 750 495 797 diem
522 751 774 812 ebulliens,
811 755 986 803 ibidem
1014 757 1134 804 fluit.
1169 761 1219 806 In
1246 779 1341 825 quo
1369 763 1473 810 loco

68 827 228 872 multae
253 826 552 876 infirmorum
585 833 800 879 sanitates
823 845 1019 897 patratae
1053 849 1184 895 sunt,
1213 850 1258 885 et
1281 839 1338 886 de
1364 841 1469 887 lon—

65 905 249 968 ginquis
284 905 557 968 regionibus
595 908 911 958 febricitantes
944 931 1033 976 pro
1066 914 1297 963 desiderio
1332 935 1471 964 cura—

64 980 203 1028 tionis
219 982 329 1028 illuc
342 984 468 1030 asciti
487 997 613 1032 sunt.
636 987 725 1033 Per
743 989 894 1035 visum
911 992 1050 1037 etiam
1067 993 1281 1056 pluribus
1294 996 1467 1059 jussum

60 1068 127 1103 est
152 1069 203 1104 ut
228 1077 316 1122 pro
338 1062 484 1107 salute
514 1065 818 1112 nanciscenda
848 1067 1114 1116 Uticensem
1139 1072 1308 1118 saltum
1333 1091 1468 1137 quae-

59 1147 236 1193 rerent,
257 1147 302 1183 et
320 1136 376 1183 de
395 1139 441 1183 S.
463 1139 650 1187 Ebrulfi
665 1143 792 1189 sonte
809 1149 886 1208 qui
906 1159 1064 1193 manat
1083 1148 1196 1206 illic,
1224 1149 1464 1197 biberent.

58 1212 219 1259 Plures
244 1215 387 1278 igitur
410 1215 466 1262 de
488 1218 759 1282 Burgundia
782 1223 855 1268 x'el
878 1222 1155 1286 Aquitania,
1183 1244 1260 1272 seu
1288 1227 1344 1274 de
1367 1229 1467 1275 aliis

61 1289 318 1337 Galliarum
355 1294 626 1357 regionibus
656 1298 896 1355 exierunt,
926 1300 1117 1347 Uticum
1147 1321 1252 1349 cum
1284 1323 1464 1352 summa

60 1366 331 1415 difficultate
364 1373 675 1434 quaesierunt,
708 1387 754 1420 et
790 1377 866 1422 vix
903 1379 1035 1441 (quia
1073 1391 1184 1427 tunc
1221 1382 1350 1429 locus
1388 1384 1466 1430 ille

59 1444 284 1492 obscurus
320 1460 442 1505 erat,
475 1451 540 1495 uti
574 1450 807 1509 desertus)
833 1454 1129 1519 indagantes,
1158 1459 1460 1508 invenerunt.

59 1523 269 1570 Tandem
300 1526 495 1574 invento
528 1530 656 1575 sonte
689 1548 796 1577 cum
823 1532 1104 1593 hausissent,
1131 1548 1177 1583 et
1216 1537 1322 1585 inde
1356 1558 1460 1586 cum

58 1601 202 1646 sancti
228 1603 430 1648 nominis
458 1604 753 1654 invocatione
777 1608 979 1657 fideliter
1003 1611 1253 1671 bibissent,
1282 1633 1360 1662 seu
1380 1634 1463 1662 ca-

56 1689 141 1740 put
163 1679 235 1724 vel
256 1679 340 1725 alia
360 1681 570 1728 membra
598 1683 840 1743 lavissent,
870 1700 1056 1752 recepta
1081 1693 1274 1738 sanitate
1299 1694 1465 1757 gaude-

53 1753 185 1813 bant,
206 1756 397 1821 Deoque
416 1760 585 1822 gratias
601 1773 805 1825 agenteS,
823 1764 879 1810 ad
901 1767 1092 1830 propria
1109 1768 1203 1814 laeti
1222 1769 1457 1818 redibant.

121 1834 457 1898 [1031-1060.]
477 1837 586 1882 Haec
608 1835 779 1884 ibidem
798 1856 882 1902 per
904 1842 1047 1888 multa
1063 1847 1227 1891 saecula
1246 1848 1463 1911 frequen-

55 1919 125 1953 ter
142 1925 286 1973 usque
305 1910 360 1956 ad
381 1923 590 1976 tempora
612 1915 802 1962 Henrici
819 1919 940 1981 regis
957 1920 1250 1969 Francorum
1272 1926 1342 1988 (2)
1361 1943 1462 1990 age-

53 1983 244 2041 bantur,
266 1985 378 2032 dum
396 2000 500 2051 post
516 1988 881 2040 devastationem
900 1996 1141 2044 Danorum
1159 2018 1267 2046 raro
1281 2002 1461 2049 cultore

52 2061 280 2108 Uticensis
294 2081 435 2128 pagus
453 2066 764 2116 incolebatur.
781 2072 914 2119 Tunc
932 2074 1120 2138 quidam
1137 2079 1363 2141 pagensis,
1382 2098 1463 2125 no-

50 2140 177 2186 mine
189 2141 511 2206 Berengarius,
524 2162 579 2191 ex
592 2158 783 2209 paterna
796 2153 1084 2200 successione
1100 2155 1214 2201 illud
1227 2174 1305 2202 rus
1316 2174 1462 2204 susce-

50 2216 141 2279 pit;
161 2229 223 2274 et,
244 2237 302 2266 ne
317 2220 617 2269 adventantes
633 2225 806 2273 infirmi
823 2239 915 2275 sata
935 2247 1010 2275 sua
1027 2230 1340 2292 devastarent,
1357 2236 1460 2282 son·

53 2303 144 2338 tem
163 2311 268 2358 sepe
292 2296 625 2345 circumclusit.
646 2301 820 2349 Dolens
845 2322 1045 2371 namque
1065 2310 1268 2356 ruricola
1289 2311 1458 2359 crebro

51 2370 334 2419 irascebatur
359 2376 485 2439 quod
510 2389 668 2440 prata,
697 2379 848 2438 horti,
876 2394 922 2429 et
943 2385 1029 2431 alia
1054 2404 1159 2450 quae
1187 2388 1232 2433 in
1258 2389 1458 2437 circuitu

97 2559 209 2605 (1)Ce
226 2570 303 2597 mot
318 2563 408 2599 n'est
427 2578 487 2612 pas
506 2568 579 2613 pris
605 2569 651 2602 ici
667 2569 756 2604 dans
770 2582 834 2605 son
853 2584 932 2607 sens
956 2576 1116 2621 primitis
1137 2577 1181 2612 dc
1199 2591 1302 2625 repas
1318 2580 1383 2616 fait
1406 2594 1451 2615 cn

49 2629 219 2654 commun
243 2621 330 2656 dans
347 2623 397 2657 les
421 2625 547 2671 egliscs
573 2640 641 2662 aux
661 2630 882 2676 principales
912 2633 1129 2679 solennites‚
1149 2639 1237 2673 mais
1253 2639 1341 2676 dans
1360 2640 1452 2675 celui

50 2675 94 2710 dc
112 2680 320 2716 nourriture
338 2682 536 2720 distribuet·
556 2699 624 2721 aux
643 2701 803 2734 pauvres.

95 2736 145 2780 (a)
164 2737 226 2779 (¹20
242 2739 362 2784 juillet
386 2741 636 2791 1031—‘29aout
660 2746 778 2792 1060).
