2033 3445
66 332 206 382 [1090]
552 333 702 370 LIBER
732 333 978 370 OCTAVUS.
1391 338 1466 374 3:27

65 417 335 464 mortalium
369 429 561 464 eventus
597 418 809 481 elegiacis
838 417 987 462 modis
1017 419 1282 464 luculenter
1315 420 1469 467 deno-—

66 495 192 541 tavit.
237 493 331 540 Alii
367 510 556 558 quoque
594 494 754 557 plures
787 494 981 540 litterati
1019 494 1240 558 sophistae
1275 513 1471 560 magnos

62 580 246 636 questus
269 569 573 633 protulerunt
603 570 660 616 de
694 569 881 634 flagitiis
904 582 949 617 et
974 572 1197 617 aerumnis
1221 570 1354 636 hujus
1378 590 1471 619 sae—

63 648 152 695 culi
166 667 179 705 ;
207 664 324 712 quos
347 658 530 694 secutus
556 648 602 694 in
627 649 847 711 praesenti
872 649 1098 712 opusculo
1127 648 1340 696 breviter
1367 667 1472 696 me-

63 726 203 780 mini,
235 741 332 788 quo
361 736 574 788 tempore
604 726 667 772 cis
702 725 844 788 Alpes
879 727 1027 789 coepit
1062 727 1235 790 ineptia
1270 727 1471 791 pigatia-

63 819 186 858 rum,
206 812 253 848 et
267 801 500 865 superflua
515 803 760 866 prolixitas
778 803 1078 866 capillorum,
1097 815 1237 868 atque
1252 804 1468 859 vestium,

64 891 200 926 terrae
223 878 382 926 sordes
403 880 574 926 frustra
600 882 913 944 scopantium.

125 956 191 1002 De
216 957 461 1002 sanctitate
485 967 531 1002 et
561 957 800 1003 miraculis
825 957 1111 1005 Sanctorum
1134 959 1326 1005 mallem
1350 960 1470 1005 scri-

63 1032 171 1078 bere
202 1033 354 1079 multo
391 1033 636 1086 libentius,
674 1052 816 1098 quam
851 1034 906 1081 de
939 1036 1073 1100 nugis
1106 1037 1469 1092 infrunitorum,

60 1111 331 1175 frivolisque
350 1111 732 1175 nepotationibus
746 1114 835 1175 (1);
854 1113 888 1158 si
910 1115 1149 1176 principes
1166 1114 1314 1161 nostri
1333 1125 1379 1159 et
1391 1131 1472 1159 an-

63 1189 225 1235 tistites
262 1190 434 1235 sanctis
475 1190 679 1253 perfecte
722 1191 953 1236 instarent
995 1190 1353 1236 charismatibus
1372 1227 1383 1246 ‚
1428 1202 1472 1236 et

60 1263 285 1328 prodigiis
319 1266 585 1329 pollerent,
615 1267 911 1312 sanctitatem
948 1267 1345 1329 praeconantibus,
1390 1266 1472 1312 Ast

60 1359 145 1407 ego
168 1343 263 1389 vim
291 1343 381 1389 illis
398 1379 409 1398 ‚
437 1355 489 1389 ut
511 1343 880 1400 sanctificentur,
910 1344 1083 1390 inferre
1107 1362 1307 1408 nequeo.
1337 1343 1472 1390 Unde

60 1419 127 1466 his
146 1421 348 1476 omissis,
372 1438 512 1484 super
533 1421 694 1478 rebus,
718 1440 823 1486 quae
844 1421 986 1477 fiunt,
1013 1439 1224 1490 veracem
1245 1422 1471 1468 dictatum

58 1498 190 1543 facio.
221 1498 358 1544 Nunc
382 1509 537 1544 autem
565 1499 620 1544 ad
649 1500 934 1545 narrationis
957 1498 1174 1545 ordinem
1202 1499 1359 1545 redeo.

122 1574 208 1619 XI.
251 1574 393 1621 Anno
431 1574 490 1620 ab
522 1576 845 1622 incarnatione
877 1576 1067 1622 Domini
1117 1586 1166 1620 ΜΟ
1191 1588 1280 1632 xc0,
1319 1576 1470 1622 indic-

61 1653 186 1699 tione
206 1660 356 1708 x³111³‚
379 1652 672 1699 Cenomanni
695 1664 859 1700 contra
887 1654 1190 1701 Normannos
1219 1654 1472 1700 rebellave-

59 1740 194 1780 runt,
230 1731 478 1794 ejectisque
508 1730 778 1776 custodibus
810 1748 972 1777 eorum
1008 1731 1064 1778 de
1097 1731 1466 1786 munitionibus,

60 1824 234 1854 novum
258 1809 523 1872 principem
544 1808 630 1854 sibi
653 1810 1017 1855 constituerunt.
1044 1810 1163 1855 Nam
1184 1810 1263 1873 qui
1287 1810 1471 1855 virente

59 1884 312 1932 Guillelmo
337 1902 446 1949 rege
471 1897 635 1932 contra
662 1903 767 1931 eum
798 1886 1027 1931 rebellare
1052 1886 1291 1932 multoties
1316 1888 1468 1933 conati

59 1972 192 2016 sunt,
239 1962 338 2024 ipso
382 1972 572 2007 mortuo
614 1963 771 2007 statim
810 1961 867 2007 de
908 1962 1168 2008 rebellione
1208 1962 1469 2008 machinari

60 2050 325 2102 coeperunt.
350 2027 657 2103 Legationem
688 2040 832 2102 igitur
860 2038 966 2084 filiis
998 2039 1220 2096 Azsonis,
1252 2039 1468 2086 marchisi

60 2115 260 2180 Liguriae
285 2121 371 2178 (2),
392 2115 693 2173 direxerunt,
714 2118 871 2180 eisque
895 2117 1016 2162 velle
1040 2134 1172 2162 suum
1203 2117 1471 2164 intimantes

61 2209 141 2255 per
164 2193 369 2257 legatum
390 2193 614 2240 dixerunt
638 2213 646 2239 :
674 2194 774 2239 Cur
792 2206 887 2239 tam
907 2212 1073 2258 segnes
1095 2206 1137 2239 et
1158 2196 1323 2258 ignavi
1341 2198 1467 2252 estis,

62 2281 108 2314 ut
133 2269 444 2317 hereditatem
470 2283 675 2317 vestram
695 2289 790 2317 non
808 2274 1054 2335 repetatis,
1079 2290 1223 2335 quam
1245 2290 1332 2318 nos
1351 2272 1472 2319 ultro

60 2362 296 2392 servamus
326 2346 499 2393 vobis?
524 2348 705 2393 Mortui
734 2358 842 2392 sunt
869 2365 1028 2394 ornnes
1067 2349 1470 2395 Cenomannensis

58 2423 357 2486 principatus
400 2423 599 2486 legitimi
638 2422 855 2480 heredes,
891 2424 1097 2487 jamque
1137 2425 1298 2471 nullas
1339 2425 1471 2471 nobis

60 2500 258 2544 vicinior
277 2510 344 2545 est
359 2500 506 2546 lieres.
536 2500 826 2545 (Jaillelmus
851 2502 1011 2557 eliam,
1039 2502 1274 2547 violentus
1299 2504 1472 2547 nealca-

104 2689 154 2732 (1)
170 2688 221 2723 Ce
242 2697 338 2732 niot,
357 2692 417 2736 qui
437 2702 527 2724 nous
549 2691 664 2737 par-ait
682 2691 758 2725 ctrc
778 2691 822 2725 (lc
843 2692 871 2725 la
891 2694 1052 2727 ert-anon
1071 2693 1114 2727 dc
1135 2701 1240 2729 notro
1257 2701 1397 2736 auteur,
1420 2702 1468 2727 cst

62 2747 287 2783 visiblement
310 2761 507 2795 synonyme
525 2750 569 2783 (lv
590 2757 784 2794 nepotatur
807 2768 811 2781 :
836 2751 1066 2796 proiligalitin

108 2807 157 2851 (2)
173 2810 290 2849 Azon,
312 2811 472 2855 marqnis
488 2810 532 2842 dc·
551 2811 683 2854 Liguri(
708 2839 713 2846 ,
736 2811 865 2843 second
885 2812 971 2844 inari
991 2811 1034 2844 (lc
1054 2812 1262 2846 (icinwnulv.
1289 2814 1356 2846 ΜΗ·
1374 2814 1463 2846 aine(

63 2864 570 2903 ‹ttici-bvii,liu-ilhn“his-u.
597 2877 714 2902 sonitu·
738 2870 783 2903 (Ιιι
813 2872 939 2903 namin.
