2033 3445
535 299 688 337 LIBER
717 298 963 336 OCTAVUS.
1376 302 1454 339 283

3 411 6 438 t
52 398 257 436 ratarum
282 402 420 449 super
457 385 603 432 altare
635 385 810 449 posuit.
841 385 954 430 Haec
992 384 1204 430 breviter
1241 386 1372 448 tetigi
1408 387 1464 432 de

4 487 6 490 ·
49 465 180 514 donis
204 479 310 528 quae
342 464 560 525 praefatus
595 461 733 508 heros
763 461 975 508 Uticensi
1000 462 1201 508 contulit
1226 463 1461 520 ecclesiae,

3 556 7 592 ἑ
51 561 134 591 nec
171 558 247 588 me
284 540 423 596 velit,
466 557 648 604 quaeso,
684 538 892 603 prudens
930 540 1081 586 lector
1119 538 1465 586 inconsiderate

51 620 353 675 subsannare,
382 618 417 663 si
458 617 646 662 titulum
688 617 886 680 incoepti
919 618 1099 680 operis,
1139 616 1253 663 dum
1281 628 1465 680 tempus

50 708 137 754 est,
162 710 423 759 prosequor
449 694 494 739 in
518 694 807 739 narratione.

111 771 394 828 Rodbertus‚
416 769 604 816 Unfridi
629 770 765 828 filius,
782 770 895 816 dum
915 788 1034 834 puer
1054 783 1178 827 erat,
1201 789 1309 818 cum
1331 782 1465 834 patre

51 868 130 898 suo
149 851 197 896 in
222 848 447 912 Angliam
467 847 811 903 transfretavit,
839 847 1129 896 etEduardo
1160 849 1286 912 regi,
1314 847 1465 895 donec

49 927 107 974 ab
148 925 311 972 eodem
357 925 490 971 miles
536 924 692 982 fieret,
736 924 865 971 domi
919 926 1198 990 militiaeque
1249 926 1461 971 servivit.

4 1030 7 1050 ε
50 1003 239 1060 Deinde,
261 1003 550 1067 fulgentibus
574 1004 827 1067 armisjam
854 1003 1070 1061 indutus,
1092 1004 1327 1068 regiisque
1353 1022 1465 1050 mu—

51 1080 235 1129 neribus
260 1079 520 1126 honorifice
537 1080 735 1137 ditatus,
763 1092 980 1144 parentes
1006 1100 1112 1129 suos
1132 1082 1336 1128 revisere
1356 1100 1465 1128 con-

51 1160 247 1223 cupivit,
286 1170 332 1205 et
372 1159 495 1223 regis
534 1158 698 1222 adepta
734 1160 1046 1222 permissione
1084 1159 1141 1206 ad
1177 1177 1282 1206 snos
1318 1177 1464 1205 orans

50 1237 335 1301 repatriavit.
359 1235 502 1283 Facto
526 1247 682 1283 autem
703 1237 921 1283 Senlacio
947 1237 1097 1294 bello,
1122 1248 1168 1283 et
1191 1254 1301 1301 rege
1326 1237 1464 1282 Guil-

52 1314 191 1361 lelmo
218 1314 378 1359 multis
410 1312 617 1360 hostium
643 1313 926 1359 tumultibus
957 1325 1215 1377 occupato,
1245 1316 1467 1377 praefatus

53 1392 141 1438 tiro
186 1409 295 1437 cum
334 1392 533 1455 Hugone
567 1391 857 1438 consobrino
891 1409 974 1438 suo
1014 1392 1114 1454 (1),
1147 1391 1369 1438 Richardi
1411 1391 1467 1438 de

52 1467 269 1515 Abrincis
308 1479 627 1532 cognomento
664 1468 760 1515 Goz
796 1469 917 1525 filio,
971 1470 1142 1515 iterum
1186 1469 1241 1514 ad
1291 1470 1468 1532 Anglos

53 1546 256 1602 transiit,
284 1557 330 1592 et
352 1562 538 1609 semper
564 1547 609 1592 in
629 1546 850 1593 omnibus
869 1547 1130 1603 exercitiis,
1159 1565 1265 1610 qnae
1290 1565 1314 1592 a
1338 1547 1468 1592 mili-

52 1623 172 1671 tibus
194 1623 371 1688 agenda
397 1634 554 1680 erant,
587 1624 712 1671 inter
742 1625 1007 1688 praecipuos
1042 1625 1212 1689 viguit.
1251 1623 1465 1681 Deinde,

52 1713 152 1767 post
179 1702 356 1748 multos
389 1719 587 1766 agones,
622 1702 853 1766 praedicto
879 1703 1070 1767 Ilugoni
1104 1703 1355 1750 comitatus
1388 1702 1470 1748 Ce-

52 1780 238 1826 strensis
262 1779 396 1826 datus
419 1791 512 1835 est,
536 1790 581 1826 et
599 1780 868 1826 Rodbertus
893 1782 1112 1843 princeps
1136 1780 1320 1825 militiae
1342 1780 1464 1843 ejus,

53 1867 97 1904 et
115 1859 255 1905 totius
277 1858 537 1921 provinciae
563 1857 857 1921 gubernator
881 1859 1026 1903 sactus
1049 1868 1133 1903 est.
1165 1859 1300 1903 Tunc
1324 1858 1465 1903 vicini

52 1933 285 1991 Britones,
306 1934 385 1998 qui
411 1934 566 1979 Gualli
583 1970 594 1989 ,
621 1934 693 1979 vel
716 1934 986 1979 Guallenses
1006 1934 1150 1997 vulgo
1180 1935 1465 1989 xocitantnr,

54 2022 209 2059 contra
230 2028 391 2075 regem
411 2011 721 2057 Guillelmnm
742 2023 788 2057 et
809 2029 973 2057 omnes
990 2013 1086 2075 ejus
1104 2012 1307 2057 fautores
1330 2012 1468 2056 nimis

53 2087 475 2136 debacchabantur.
511 2090 711 2135 Decreto
737 2089 892 2153 itaque
919 2091 1063 2153 regis,
1092 2089 1321 2153 oppidum
1349 2106 1468 2134 con-

54 2176 120 2212 tra
138 2167 328 2214 Guallos
347 2167 469 2230 apud
485 2165 801 2212 Rodelentum
819 2177 1144 2213 constructum
1164 2177 1257 2221 est,
1281 2178 1327 2211 et
1345 2165 1469 2212 Rod-

53 2243 210 2301 berto,
242 2255 294 2291 ut
324 2245 419 2308 ipse
443 2262 534 2308 pro
559 2243 827 2291 defensione
855 2243 1043 2308 Anglici
1083 2245 1217 2308 regni
1254 2243 1469 2289 barbaris

53 2332 389 2386 opponeretur,
429 2321 590 2367 datum
634 2332 718 2368 est.
755 2322 1008 2368 Bellicosus
1049 2321 1259 2368 marchio
1300 2333 1464 2368 contra

56 2397 308 2462 inquietam
328 2409 519 2462 gentem
543 2398 794 2461 saepissime
815 2398 1052 2455 conflixit,
1081 2397 1354 2462 crebrisque
1374 2416 1468 2444 cer-

56 2475 305 2522 taminibus
320 2477 524 2521 multum
539 2477 779 2540 sanguinis
795 2475 977 2521 effudit.
1002 2477 1173 2523 Incolis
1192 2478 1346 2540 itaque
1363 2476 1466 2521 Bri-

55 2552 241 2599 tonibus
260 2570 383 2600 saevo
409 2554 562 2600 Marte
585 2554 802 2618 repulsis,
828 2554 940 2600 lines
959 2572 1064 2601 suos
1086 2554 1300 2600 dilatavit
1315 2591 1327 2610 ,
1346 2565 1390 2600 et.
1419 2555 1464 2599 in

55 2641 213 2677 monte
237 2630 517 2696 Dagaunoth
541 2639 632 2693 (2),
659 2633 739 2696 qni
765 2632 882 2677 mari
908 2633 1156 2696 contiguus
1181 2644 1270 2689 est,
1299 2633 1487 2696 sortis—⁴

99 2775 148 2822 (1)
167 2776 316 2822 Hugue,
335 2778 488 2811 vicomte
507 2777 770 2817 d'Avranclics.
792 2785 828 2812 ct
845 2779 988 2812 ensuite
1007 2786 1125 2813 comta·
1144 2779 1189 2813 dc
1206 2780 1371 2813 Ciicstvr.

101 2836 148 2879 (a)
167 2835 302 2869 Robcrt
316 2836 407 2870 bfuit
425 2849 472 2870 un
489 2837 640 2871 ‹thaitvan
660 2850 720 2871 sni·
740 2838 788 2870 los
808 2838 981 2871 liantrnrs
999 2839 1059 2884 qni
1082 2838 1270 2871 domim-nt
1293 2836 1467 2870 temtum--
