2033 3445
94 337 202 383 [ΜΛιο
229 336 349 383 1098]
613 334 764 372 LIBER
793 335 973 372 NONUS.
1419 339 1502 377 535

92 419 216 465 hona
234 418 485 465 detulerat.
500 420 795 483 Frequenter
811 420 972 484 igitur,
990 436 1075 483 per
1092 421 1209 467 lidos
1224 424 1503 486 interpretes

93 506 138 542 et
160 506 272 542 nota
292 496 548 560 intersigna
564 532 577 554 ‚
600 496 919 561 loquebantur
936 495 993 543 ad
1018 498 1236 545 invicem.
1263 501 1400 546 Hunc
1425 501 1507 547 ali-

92 572 280 637 quando
303 573 604 620 Buamundus
629 573 687 620 ad
711 573 1114 620 Christianitatem
1140 575 1393 634 incitabat,
1417 577 1506 623 ali-

95 650 285 714 quando
309 650 367 698 ad
389 651 677 699 reddendam
700 652 937 698 civitatem
955 651 1248 699 multimodis
1269 653 1507 716 pollicita-

94 728 302 775 tionibus
320 729 567 786 suadebat,
595 740 665 783 et‚
692 739 744 775 ut
759 730 834 774 vir
851 730 1050 786 callens,
1077 729 1197 776 nihil
1222 731 1507 777 intentatum

94 804 414 868 relinquebat.
442 805 580 852 Nunc
605 822 712 852 eum
748 822 837 869 pro
862 806 1131 853 infortuniis
1155 807 1331 854 civitati
1358 808 1508 853 immi-

93 882 316 929 nentibus
338 882 633 939 deterrebat,
657 900 784 930 nunc
808 900 915 929 eum
941 900 1031 946 pro
1054 885 1261 946 praemiis
1279 885 1504 948 copiosis,

95 977 201 1024 quae
212 977 236 1006 a
251 960 350 1007 Deo
366 961 568 1025 gloriose
577 960 891 1017 destinantur,
908 960 1247 1007 Christianitati
1259 961 1506 1009 alliciebat.

99 1036 309 1083 Tandem
324 1038 486 1083 Pirrus
503 1039 678 1084 famoso
695 1038 847 1084 amico
862 1054 1099 1084 assensum
1111 1037 1335 1100 praebuit,
1351 1049 1397 1084 et
1415 1049 1510 1085 tres

99 1114 137 1159 ei
157 1124 308 1160 turres
325 1132 425 1160 suas
441 1114 614 1160 obtulit
631 1116 648 1173 ζ
662 1115 722 1177 ι),
742 1114 987 1178 filiumque
1006 1132 1140 1160 suum
1155 1115 1365 1161 obsidem
1379 1115 1510 1161 datu-

102 1207 206 1235 rum
236 1206 282 1236 se
306 1189 584 1253 spopondit,
611 1201 658 1236 et
679 1201 732 1236 ut
758 1191 1025 1254 incoeptum
1051 1201 1346 1237 maturarent
1369 1207 1509 1255 nego-

101 1267 241 1322 tium,
268 1282 567 1330 summopere
592 1266 854 1313 admonuit.
884 1266 1096 1313 Prudens
1121 1267 1422 1317 Buamundus
1444 1268 1509 1313 in-

101 1343 317 1388 testinam
356 1344 571 1389 laetitiam
617 1355 748 1389 caute
790 1343 988 1402 celavit,
1025 1343 1211 1389 vultum
1249 1354 1296 1389 et
1346 1360 1398 1390 os
1451 1343 1508 1389 ad

102 1429 283 1482 tempus
323 1420 626 1482 compescuit.
673 1419 932 1482 Optimates
970 1418 1138 1465 deinde
1179 1419 1411 1466 allocutus
1450 1419 1508 1466 de

99 1495 372 1542 difficultate
397 1495 634 1560 capiendae
667 1495 822 1553 urbis,
854 1495 910 1542 de
951 1496 1130 1559 ingenti
1170 1494 1313 1542 taedio
1352 1496 1507 1560 longae

99 1571 383 1629 obsidionis,
410 1572 467 1619 de
490 1572 713 1619 laudabili
740 1573 1000 1619 constantia
1025 1573 1290 1619 victoriosae
1316 1573 1510 1636 expedi-

101 1651 265 1707 tionis,
293 1651 432 1696 suasit
455 1660 508 1695 ut
530 1650 724 1696 cuilibet
749 1667 943 1696 suorum
966 1649 1025 1695 ab
1048 1649 1269 1696 omnibus
1294 1651 1512 1697 concede-

101 1738 233 1774 retur
257 1728 550 1791 principatus
581 1727 873 1783 Antiochiae,
908 1729 989 1792 qui
1015 1728 1198 1790 pretio,
1223 1744 1302 1773 seu
1335 1729 1404 1785 vi,
1436 1729 1510 1775 vel

99 1805 328 1862 amicitia,
354 1821 433 1851 seu
468 1804 684 1869 quolibet
717 1805 909 1868 ingenio
940 1815 1094 1867 posset
1127 1821 1229 1850 eam
1268 1804 1505 1852 obtinere.

98 1883 234 1928 Tunc
269 1883 475 1928 seniores
499 1882 540 1928 ei
569 1899 668 1928 non
702 1881 1069 1945 adquieverunt,
1096 1880 1175 1927 sed
1206 1897 1508 1928 communem

97 1975 200 2005 eam
221 1957 445 2006 omnibus
467 1975 561 2005 esse
586 1958 759 2005 debere
788 1958 1035 2012 dixerunt,
1062 1958 1171 2022 quia
1197 1958 1404 2022 generali
1438 1975 1510 2005 co-

100 2047 212 2082 natu
246 2053 409 2083 omnes
434 2037 499 2082 ibi
524 2035 879 2083 laboraverunt.
915 2037 1107 2100 Sapiens
1132 2035 1269 2082 heros
1294 2025 1511 2099 pluribus

98 2112 266 2158 auditis
296 2114 556 2172 conticuit,
582 2124 629 2160 et
651 2114 1059 2177 opportunitatem
1090 2114 1238 2177 optati
1264 2114 1413 2159 exitus
1437 2129 1509 2160 ex-

99 2189 319 2252 pectavit.
339 2190 484 2236 Paulo
501 2201 623 2253 post,
639 2191 776 2247 sama,
800 2207 1008 2253 praesaga
1026 2189 1156 2245 mali,
1171 2188 1442 2252 percrebuit
1460 2189 1507 2235 in

100 2267 285 2322 castris,
326 2268 533 2324 Turcos,
571 2266 852 2313 Publicanos
888 2267 959 2329 (2)
972 2302 985 2325 ,
1024 2265 1264 2331 Agulanos
1277 2302 1290 2323 ‚
1328 2266 1509 2312 Azimi—

143 2408 194 2452 (1)
213 2408 264 2442 Ce
283 2408 455 2443 n’etaient
473 2421 535 2455 pas
553 2408 644 2443 trois
661 2415 761 2442 tours
779 2420 850 2455 que
870 2408 1029 2442 Phirouz
1049 2407 1137 2441 livra
1154 2419 1224 2441 aux
1243 2408 1395 2451 emises,
1417 2409 1509 2442 mais

102 2466 131 2499 la
149 2473 235 2500 tour
251 2466 314 2501 des
333 2468 604 2510 Trois-Saeuis,
627 2467 718 2501 dont
734 2466 767 2501 la
786 2466 896 2512 garde
913 2466 965 2500 lui
983 2466 1071 2500 etait
1085 2466 1223 2501 confie'e
1235 2493 1245 2511 ,
1264 2473 1301 2501 et
1316 2479 1388 2501 une
1406 2473 1509 2501 autre

101 2533 185 2560 tour
203 2527 358 2569 misine,
380 2529 428 2562 ou
445 2527 692 2563 commandait
709 2539 774 2562 son
794 2527 901 2561 frere.
922 2527 990 2561 Ces
1010 2525 1105 2560 deux
1125 2533 1246 2569 tonrs,
1267 2526 1358 2561 dont
1377 2526 1426 2561 les
1443 2526 1508 2561 de-

101 2584 175 2619 bris
191 2588 347 2621 cxistent
363 2599 493 2622 encore
506 2615 514 2630 ,
535 2587 708 2621 n’ctaient
725 2598 786 2632 pas
802 2586 895 2620 aussi
915 2585 1051 2619 elevees
1068 2597 1140 2632 que
1158 2585 1263 2620 celles
1280 2585 1331 2619 du
1349 2592 1510 2631 renipart

100 2645 334 2688 meridional‚
355 2653 393 2680 et
414 2646 485 2680 l’on
506 2647 653 2692 pouvait
672 2646 721 2680 les
746 2644 927 2679 escalader
952 2656 1031 2679 sans
1054 2644 1099 2678 dc
1124 2644 1278 2690 grandes
1302 2644 1507 2679 difficultes.

100 2702 198 2738 Celle
224 2703 287 2738 ‹les
312 2705 565 2740 Ti'ois—Soeurs
592 2711 645 2739 est
670 2704 701 2738 la
731 2704 910 2750 premiere
934 2715 978 2736 au
1003 2702 1094 2736 midi
1124 2702 1168 2737 dc
1196 2702 1229 2736 la
1258 2709 1359 2748 porte
1386 2702 1508 2737 Saint-

100 2762 283 2809 Georges,
305 2771 341 2798 ct
360 2764 488 2798 Pautre
507 2771 560 2799 cst
580 2764 612 2798 la
630 2764 795 2798 seconde.

146 2821 195 2864 (2)
214 2823 311 2855 Lim
329 2824 555 2867 Populz'ram'.
580 2823 709 2857 C'dlait
727 2835 772 2855 ιιιι
793 2821 1100 2855 ‹hinni-iuliivinc-nl
1126 2820 1167 2852 (1(1
1193 2820 1219 2852 la
1243 2833 1287 2851 :wi
1304 2826 1333 2851 {r
1353 2818 1414 2851 «ivr,
1435 2831 1507 2851 nui-
