2085 3455
504 338 554 373 52
864 336 1104 375 HISTORIA
1136 334 1534 373 ECCLESIASTICA.
1691 337 1906 386 [517-560]

567 441 591 466 «
617 420 707 467 Sed
726 439 833 468 cum
851 434 1118 486 opportuna
1143 439 1244 485 spes
1272 422 1588 486 propagandae
1616 421 1791 468 sobolis
1817 422 1907 467 ha-

501 499 691 546 beretur
715 503 762 545 in
787 499 929 546 domo
953 501 1120 563 patris,
1150 499 1314 545 crebra
1350 511 1395 545 et
1420 499 1611 546 honesta
1642 502 1906 547 amicorum

497 577 763 640 compulsus
790 578 1112 639 persuasione,
1139 575 1424 640 condignam
1450 577 1680 623 natalibus
1706 595 1903 624 uxorem

498 654 697 700 instituit
730 653 917 700 ducere.
950 654 1104 713 Quam
1128 654 1276 716 gratia
1315 655 1598 717 posteritatis
1624 657 1902 718 suscipiens,

496 749 593 778 non
620 732 772 778 carnis
792 732 1031 793 voluptate
1057 733 1148 792 (Γ),
1178 731 1352 789 (divina
1374 743 1606 795 praecepta
1633 733 1906 797 exequendo

494 809 686 865 devote,
715 809 875 855 solerti
910 808 1069 853 eadem
1097 807 1266 855 crebro
1294 810 1478 872 secum)
1509 809 1729 855 volvebat
1753 809 1906 855 medi-

495 886 671 931 tatione
691 885 778 946 (2).
803 883 838 928 F
842 883 1067 929 ruebatur
1087 885 1242 948 itaque
1265 885 1339 930 vir
1362 885 1462 931 Deo
1482 885 1649 948 plenus
1675 896 1907 948 tempora-

496 962 640 1018 libus,
674 972 804 1007 cauta
827 961 1112 1024 cogitatione
1138 961 1392 1024 providens
1422 979 1479 1007 nc
1502 961 1770 1025 displiceret
1796 979 1906 1008 con-

494 1038 635 1084 ditori
667 1038 713 1083 in
748 1038 948 1100 acceptis
982 1037 1139 1084 rebus.
1176 1038 1390 1103 Cumque
1422 1039 1733 1102 locupletatus
1766 1040 1903 1085 nimis

493 1115 650 1171 lieret,
678 1115 780 1178 plus
813 1114 1044 1178 gaudebat
1066 1115 1195 1162 bono
1219 1133 1361 1178 opere
1397 1134 1539 1180 quam
1568 1115 1692 1162 bona
1722 1133 1904 1179 posses—

491 1193 639 1238 sione.
674 1190 945 1237 Priscorum
975 1203 1166 1254 patrum
1190 1202 1313 1255 gesta
1331 1228 1342 1248 ‚
1370 1210 1474 1256 quae
1500 1209 1586 1255 per
1618 1193 1792 1239 multos
1817 1210 1903 1238 co—

492 1269 615 1316 dices
652 1269 856 1332 legerat,
900 1269 1102 1333 qualiter
1143 1270 1188 1315 in
1236 1286 1330 1315 sese
1373 1271 1648 1315 transferret
1664 1306 1676 1325 ‚
1717 1287 1901 1316 summo

490 1346 645 1392 studio
676 1346 964 1392 elaborabat.
993 1348 1213 1392 Insistens
1246 1357 1401 1392 autem
1433 1346 1762 1409 elecmosynis,
1792 1364 1903 1393 ora-

494 1501 617 1548 idem
649 1501 906 1547 sanctitatis
944 1518 1060 1564 opus
1092 1500 1341 1558 evocabat3
1369 1501 1588 1565 quatinus
1625 1519 1710 1565 per
1745 1502 1903 1547 virum

491 1578 701 1635 fidelem,
726 1579 808 1625 etsi
831 1577 1002 1635 fidelis,
1026 1590 1311 1625 accresceret
1328 1578 1518 1626 devotio
1538 1580 1767 1626 mulieris.
1798 1581 1903 1625 Sic-

490 1674 581 1721 que
604 1656 777 1720 degens
800 1655 951 1702 adhuc
975 1655 1061 1702 sub
1087 1657 1235 1703 laicali
1262 1656 1425 1702 habitu
1445 1658 1589 1703 vitam
1614 1658 1898 1715 instituerat,

490 1746 543 1782 ut
579 1734 696 1781 nihil
727 1734 786 1781 ab
811 1734 881 1780 his
914 1733 1180 1798 discrepare
1208 1734 1464 1794 videretur,
1500 1753 1616 1800 quos
1648 1736 1900 1799 imperium

489 1813 706 1876 regulare
729 1811 992 1859 coercebat.
1022 1832 1045 1856 »

555 1889 719 1934 «Cum
743 1906 858 1952 ergo
890 1887 1181 1935 beatissimus
1219 1890 1292 1934 vir
1324 1889 1524 1953 quadam
1561 1890 1756 1954 propria
1800 1890 1901 1953 lege

489 1965 819 2027 (laudabiliter
863 1967 1068 2023 viveret,
1113 1968 1190 2029 et)
1234 1967 1494 2014 Dominicis
1541 1967 1788 2030 praeceptis
1819 1984 1901 2012 ar—

489 2044 657 2090 denter
677 2045 952 2099 inserviret,
979 2045 1200 2108 (contigit
1223 2046 1293 2108 (3)
1319 2056 1372 2092 ut
1395 2046 1653 2092 Dominum
1679 2045 1725 2090 in
1750 2047 1900 2091 Evan-

488 2123 611 2185 gelio
629 2123 719 2168 suis
736 2123 1092 2186 praecipientem
1116 2122 1319 2186 audiret)
1343 2143 1353 2168 ε
1383 2125 1480 2188 Qui
1501 2124 1600 2170 vult
1618 2125 1781 2170 venire
1792 2134 1901 2187 post

490 2217 589 2257 me,
624 2200 827 2263 abneget
849 2201 1181 2263 semetipsum,
1214 2212 1258 2246 et
1282 2201 1415 2247 tollat
1445 2219 1626 2248 crucem
1658 2218 1823 2258 suam,
1858 2211 1901 2245 et

535 2439 585 2484 (1)
602 2438 709 2473 Illud
723 2440 960 2484 apostolicum
979 2439 1229 2486 eoesequendo,
1247 2441 1382 2474 solerti.
1404 2441 1510 2486 (Mss.
1533 2440 1634 2474 Becc.
1656 2446 1692 2473 et
1708 2439 1862 2483 Conch.)

537 2506 587 2551 (2)
611 2506 771 2551 Tempus
789 2506 893 2539 breve
917 2513 970 2540 cst
985 2524 992 2545 f
1015 2507 1193 2553 reliquum
1211 2513 1265 2541 est
1283 2513 1321 2541 ut
1337 2508 1400 2554 qui
1415 2507 1551 2540 liabent
1568 2519 1704 2541 umores
1720 2512 1899 2551 tanquam

492 2579 566 2601 non
584 2565 760 2600 habentes
779 2567 862 2599 sint.
886 2566 923 2608 (ι
947 2567 1031 2601 Cor.
1052 2578 1101 2600 vu
1114 2595 1122 2610 ‚
1150 2579 1190 2614 ¹9
1205 2569 1229 2610 ).
1250 2567 1422 2614 Illudqzce
1440 2580 1511 2600 non
1533 2566 1707 2600 oblivioni
1732 2564 1896 2599 tradide-

493 2632 568 2669 rat,
596 2624 696 2671 quod
713 2631 796 2671 post
819 2638 939 2671 pauca
962 2626 1210 2672 .s‘1cbz‘1ffcrlm·;
1238 2632 1273 2661 et
1290 2629 1354 2674 qui
1370 2633 1523 2661 utuntur
1550 2626 1616 2660 lzoc
1636 2625 1792 2669 mumln,
1814 2631 1898 2659 tcm-

491 2699 602 2734 quam
623 2698 695 2719 non
711 2691 880 2725 utantur-5
894 2688 1059 2731 praeterit
1078 2689 1312 2734 enimfigura
1330 2687 1440 2734 liujus
1458 2686 1596 2721 mundi.
1616 2688 1627 2731 (
1640 2685 1752 2730 Ibid.)

538 2753 588 2800 (3)
606 2754 737 2788 Divino
756 2759 847 2787 nutu
871 2755 1022 2799 contigit
1038 2760 1076 2787 ut
1094 2755 1190 2788 illud
1206 2754 1334 2789 audire
1353 2760 1568 2797 mereretur,
1589 2753 1689 2800 quod
1720 2753 1898 2786 Dominus

492 2817 529 2848 in
549 2814 754 2859 Evangelio
773 2815 848 2847 suis
867 2813 1056 2858 discipulis
1076 2815 1246 2860 loquitur.
1264 2814 1395 2859 (Ibid.)
