2085 3455
563 314 612 350 76
927 313 1169 352 HISTORIA
1198 313 1601 352 ECCLESIASTICA.
1851 315 1960 364 [582]

561 417 666 464 quae
697 399 833 447 bonis
875 401 1066 465 gaudia,
1103 419 1207 466 quae
1241 402 1360 447 male
1400 399 1666 447 viventibus
1704 399 1963 445 debeantur

564 489 820 525 tormenta.
848 499 870 522 »

628 556 790 602 «Cum
818 557 962 620 igitur
993 557 1216 603 velociter
1249 556 1441 602 interire
1467 557 1741 619 coepissent,
1776 565 1829 599 ut
1855 554 1962 617 ple-

562 633 667 678 nius
690 632 811 679 beati
837 633 925 678 viri
951 633 1168 679 sanctitas
1194 632 1494 688 claresceret,
1521 632 1707 696 quidam
1734 648 1791 677 ex
1812 631 1965 677 fratri-

562 708 674 764 bus,
715 708 975 755 Ansbertus
1009 710 1229 766 nomine,
1263 709 1361 754 sine
1396 709 1565 755 viatico
1597 708 1840 754 defunctus
1875 718 1958 753 est.

563 786 726 832 Custos
761 798 918 833 autem
949 788 1043 851 ejus
1080 786 1136 832 ad
1173 785 1392 831 abbatem
1433 785 1646 836 veniens,
1691 786 1755 830 ait
1787 805 1796 829 ε
1836 785 1958 841 Ora,

555 875 715 926 pater,
760 882 850 928 pro
877 864 1017 928 filio,
1064 863 1198 908 rebus
1238 863 1458 908 lzmnam's
1496 861 1831 907 miserabiliter
1862 863 1965 915 jam

562 957 763 1003 egresso.
800 941 907 985 Tua
936 942 981 986 ei
1011 941 1239 986 ducatum
1276 950 1466 1003 prcestet
1501 941 1674 997 oratio,
1712 939 1851 1002 cujas
1883 941 1969 983 iter

562 1033 658 1061 non
685 1018 883 1062 mam'vz‘t
913 1016 1141 1062 salutaris
1171 1016 1336 1061 lzostz'oe
1365 1017 1651 1062 communio.
1692 1016 1791 1074 Qua
1826 1014 1883 1060 de
1918 1031 1967 1060 re

563 1093 645 1139 bea
654 1105 723 1139 tus
737 1094 961 1139 Ebrulfus
978 1095 1277 1157 semetipsum
1295 1096 1499 1139 multum
1519 1095 1731 1141 incusans
1746 1094 1873 1157 quasi
1894 1109 1970 1139 ue-

564 1171 800 1235 gligeuter
823 1171 1067 1228 acciderit,
1093 1171 1148 1216 ad
1173 1171 1366 1217 thorum
1383 1171 1587 1218 defuncti
1607 1172 1735 1218 venit
1750 1208 1760 1227 ,
1783 1183 1828 1217 et
1847 1189 1968 1234 prae-

566 1248 839 1295 cedentibus
875 1249 1090 1311 lacrymis
1127 1259 1297 1294 stratus
1341 1250 1386 1294 iu
1423 1249 1643 1311 pulvere,
1685 1267 1814 1294 arma
1856 1265 1966 1294 ora-

567 1327 707 1372 tionis
730 1345 835 1391 quae
859 1337 1164 1374 consueverat
1187 1327 1405 1389 arripuit.
1432 1326 1686 1389 Postquam
1706 1337 1860 1371 autem
1884 1325 1968 1371 sibi

565 1405 706 1450 sensit
727 1404 881 1451 adesse
900 1404 1047 1450 divini
1072 1405 1242 1450 favoris
1267 1403 1538 1467 praesidium
1554 1440 1566 1462 ‚
1592 1421 1784 1468 surgens
1803 1422 1824 1449 a
1847 1415 1968 1449 terra

566 1481 836 1528 inclamavit
860 1492 1120 1528 mortuum.
1149 1480 1223 1526 Ad
1237 1483 1365 1545 cujus
1381 1498 1545 1528 vocem
1565 1482 1643 1546 qui
1668 1483 1824 1528 lumen
1848 1481 1970 1526 ami-

564 1570 712 1615 serat,
747 1571 887 1623 caput
918 1560 1090 1615 erexit,
1123 1570 1169 1605 et
1201 1560 1374 1622 apertis
1399 1559 1570 1613 oculis,
1609 1577 1701 1605 suae
1738 1558 1968 1604 libertatis

566 1638 750 1684 intuens
774 1648 1037 1693 auctorem,
1065 1638 1128 1682 ait
1149 1656 1158 1681 :
1182 1637 1314 1682 Bene
1339 1638 1537 1693 venisti,
1567 1636 1792 1682 liberator
1813 1653 1966 1692 mens,

564 1714 678 1760 hene
713 1715 903 1759 venisti.
941 1715 1024 1759 [We
1057 1718 1251 1770 etenim,
1291 1730 1425 1776 quem
1467 1714 1688 1759 inimicas
1725 1712 1815 1757 sibi
1850 1730 1971 1757 ven—

565 1792 814 1838 dicaverat
839 1792 984 1854 (qac'a
1011 1793 1462 1837 iacommlm[catam
1486 1792 1680 1855 reperit)
1711 1802 1793 1835 tua
1818 1790 1973 1836 salvat

563 1871 717 1915 oratio
729 1907 745 1927 ,
781 1886 889 1932 qaae
917 1868 1197 1915 calliditatis
1224 1870 1326 1933 ejas
1357 1880 1641 1932 argumenta
1668 1868 1821 1914 solvit.
1859 1869 1971 1912 Pri-

565 1959 697 1994 vatus
726 1965 930 2011 namque
964 1948 1216 1992 Beatoram
1248 1949 1487 2004 convivio,
1520 1949 1797 1993 sententIam
1830 1963 1973 1992 exce—

558 2043 728 2091 peram
746 2064 759 2083 ,
793 2035 950 2089 utpote
984 2043 1079 2071 non
1114 2024 1293 2070 habens
1324 2026 1588 2081 malicum,
1625 2027 1789 2070 misere
1821 2023 1968 2081 [arnis

564 2104 855 2150 cruciandas
898 2104 1152 2168 supplicio.
1202 2103 1526 2168 Quapropter,
1577 2102 1778 2166 benigne
1815 2113 1969 2165 pater,

564 2200 680 2245 rogo
715 2200 773 2227 ne
804 2182 1002 2245 dq‘fferas
1037 2184 1152 2244 quin
1187 2181 1416 2227 salutaris
1456 2181 1623 2227 lzostioe
1663 2198 1738 2225 me
1773 2182 1975 2244 partici-

560 2277 671 2323 pem
687 2260 876 2323 jacias.
904 2258 1026 2318 Quid
1051 2258 1195 2304 multa
1207 2256 1230 2303 ζ)
1255 2257 1459 2304 Jubetur
1487 2258 1647 2304 afferri
1672 2257 1969 2303 sacrificium.

564 2335 700 2395 Quod
747 2353 857 2382 mox
904 2346 955 2381 ut
997 2335 1202 2398 accepit,
1246 2333 1588 2380 admirantibus
1627 2334 1807 2380 cunctis
1848 2332 1974 2397 quod

564 2413 825 2468 revixerat,
859 2411 1054 2475 provida
1082 2411 1426 2475 dispensatione
1458 2411 1541 2456 Dei
1572 2427 1730 2456 rursus
1757 2410 1974 2472 spiritum

563 2489 764 2535 exhalat.
793 2489 990 2534 Exultat
1013 2489 1248 2553 gloriosus
1272 2489 1426 2543 Pater,
1456 2487 1631 2533 certior
1653 2486 1798 2532 factus
1822 2485 1877 2531 de
1902 2504 1976 2530 sa-

563 2568 658 2611 lute
689 2565 869 2622 fratris3
897 2565 1109 2612 exultant
1131 2566 1322 2621 fratres,
1352 2561 1667 2610 collaudantes
1697 2562 1850 2607 Deum
1886 2579 1975 2625 pro

568 2645 774 2690 novitate
810 2644 1043 2689 miraculi.
1081 2644 1166 2689 Ille
1200 2643 1412 2698 laetatur,
1455 2641 1562 2705 quia
1597 2640 1789 2686 fratrem
1829 2640 1973 2686 morti

565 2731 779 2784 ereptum
804 2739 887 2784 per
911 2732 1145 2784 acceptam
1173 2721 1317 2766 vitam
1341 2719 1450 2764 vitae
1476 2717 1746 2773 remiserat3
1774 2717 1839 2762 illi
1865 2716 1975 2781 glo—

566 2800 750 2846 riantur
783 2816 828 2844 se
863 2798 1035 2844 hahere
1068 2799 1281 2854 Patrem,
1320 2797 1446 2859 cujus
1478 2795 1533 2840 ad
1572 2812 1730 2857 preces
1768 2795 1976 2839 infernus
