2085 3455
530 284 608 324 492
895 283 1137 322 HISTORIA
1169 284 1572 323 ECCLESIASTICA.
1801 287 1938 336 [1096]

529 369 898 417 confessionibus
917 370 1004 417 sibi
1025 371 1400 435 complacarent,
1421 382 1469 418 et
1492 371 1556 418 sic
1581 381 1758 418 terram
1779 371 1938 418 inimi-

527 463 695 492 corum
719 447 971 493 intrarent.

592 524 918 581 Solimannus,
943 535 1196 590 postquam
1214 525 1421 572 Francos
1439 526 1699 589 superavit,
1727 536 1773 571 et
1796 542 1939 590 quos-

525 599 636 647 dam
661 601 709 647 in
731 601 859 648 bello
887 602 1161 661 trucidavit,
1184 603 1489 667 quamplures
1511 604 1654 649 etiam
1674 603 1723 648 iu
1743 603 1940 666 captivi-

525 688 670 724 tatem
687 680 947 725 transmisit
959 716 973 738 ,
989 698 1178 744 paucos,
1203 681 1252 727 in
1270 680 1389 727 urbe
1408 681 1634 727 acerrime
1650 681 1934 737 resistentes,

523 755 724 803 obsedit.
747 757 924 814 Porro,
953 758 1002 803 in
1027 759 1283 804 crastinum
1295 794 1310 816 ,
1336 769 1390 804 ut
1408 776 1432 804 a
1452 759 1591 804 certis
1610 756 1840 804 indicibus
1862 774 1939 802 au-

522 833 642 880 divit
673 833 799 898 quod
824 834 1129 880 Buamundus
1149 835 1244 881 dux
1266 834 1594 882 Macedoniam
1620 851 1759 898 super
1788 835 1939 897 impe-

523 922 733 958 ratorem
759 912 1007 966 invaserit,
1034 922 1080 958 et
1099 912 1344 976 ingentem
1363 913 1622 959 exercitum
1639 912 1939 959 Normanno-

523 1007 633 1035 rum
655 1000 701 1034 et
725 988 1020 1051 Apulorum,
1048 988 1106 1035 ad
1126 989 1447 1036 ulciscendum
1472 1006 1692 1037 cruorem
1710 989 1941 1036 Christia-

523 1083 723 1123 norum,
764 1077 938 1113 contra
987 1068 1168 1113 Turcos
1206 1069 1463 1114 armaverit
1502 1069 1572 1131 (Ι)
1587 1104 1599 1124 ,
1643 1068 1783 1114 nimis
1833 1066 1942 1113 inde

523 1144 716 1189 territus
732 1180 745 1201 ,
779 1143 1088 1190 chevetotem
1106 1144 1322 1208 reliquit,
1351 1155 1397 1190 et
1420 1145 1609 1208 agmina
1632 1162 1711 1190 sua
1742 1143 1800 1189 ad
1831 1161 1942 1190 mu-

522 1221 750 1267 niendum
773 1232 951 1267 terram
984 1240 1114 1268 suam
1138 1223 1232 1269 cito
1257 1222 1462 1269 reduxit.
1488 1223 1758 1286 Praecipites
1787 1223 1942 1286 itaque

522 1298 645 1345 Galli
670 1299 899 1345 auxilium
924 1297 1214 1356 Buamundi,
1239 1299 1536 1363 aliorumque
1556 1298 1764 1345 fidelium
1779 1314 1942 1362 expec-

523 1385 623 1420 tare
647 1386 955 1439 spreverunt3
980 1375 1059 1422 sed
1085 1376 1132 1422 in
1157 1376 1335 1422 virtute
1359 1393 1438 1422 sua
1465 1376 1605 1422 nimis
1629 1375 1724 1434 fisi,
1749 1375 1940 1422 adfines

522 1453 793 1500 Turcorum
820 1454 1242 1518 appropiaverunt,
1266 1453 1448 1518 ibique,
1474 1455 1780 1517 permittente
1812 1454 1935 1512 Deo,

521 1539 575 1574 ut
597 1529 928 1591 praediximus,
950 1531 1081 1593 gravi
1105 1530 1233 1576 bello
1262 1530 1411 1575 attriti
1438 1541 1564 1576 sunt.

586 1605 669 1653 VI.
694 1605 975 1652 Godesridus
997 1606 1109 1664 dux,
1137 1607 1319 1670 primus
1344 1607 1560 1654 omnium
1584 1607 1776 1664 ducum,
1803 1607 1937 1654 Con-

521 1684 887 1747 stantinopolim
905 1684 1066 1743 venit,
1085 1695 1131 1730 et
1155 1701 1303 1748 prope
1323 1684 1451 1730 illam
1469 1693 1518 1730 X⁰
1542 1683 1761 1732 kalendas
1774 1687 1938 1748 janua-

522 1761 581 1806 rii
607 1761 677 1824 (2)
702 1771 851 1807 castra
884 1772 1085 1807 metatus
1111 1773 1195 1808 est.
1234 1761 1537 1808 Buamundus
1560 1779 1674 1809 vero
1698 1779 1828 1820 suos,
1853 1763 1935 1827 qui

522 1855 630 1885 eum
660 1837 881 1902 subsequi
905 1838 1203 1903 satagebant,
1232 1838 1612 1902 praestolabatur,
1644 1839 1937 1904 pedetentim

521 1915 844 1979 gradiebatur,
862 1933 1034 1981 eosque
1050 1917 1276 1981 paulatim
1296 1916 1452 1963 eundo
1469 1917 1634 1964 callide
1655 1918 1705 1963 in
1722 1917 1819 1964 dies
1843 1933 1936 1980 op-

521 1990 799 2053 periebatur
825 1992 912 2054 (5).
942 1992 1135 2038 Alexius
1165 2002 1321 2038 autem
1346 1992 1606 2055 imperator
1631 1993 1679 2038 in
1704 1991 1935 2038 suburbio

521 2068 721 2113 civitatis
740 2067 846 2115 duci
873 2069 1015 2131 paulo
1039 2079 1143 2132 post
1160 2068 1400 2115 mandavit
1420 2069 1677 2132 hospitium
1698 2068 1818 2115 dari.
1846 2069 1936 2115 Ar-

520 2145 690 2208 migeri
709 2161 822 2191 vero
845 2145 1020 2191 ducalis
1043 2147 1273 2193 exercitus
1295 2145 1543 2192 commoda
1563 2145 1650 2191 sihi
1667 2162 1801 2192 more
1824 2163 1936 2209 pro-

521 2220 781 2279 curabant3
826 2220 883 2266 ad
923 2221 1244 2268 subvehendas
1289 2223 1443 2286 paleas
1459 2258 1472 2281 ,
1522 2223 1599 2268 vel
1640 2233 1807 2268 caetera
1848 2221 1935 2268 sibi

567 2432 617 2477 (1)
634 2431 666 2465 Il
682 2431 771 2465 etait
793 2431 1004 2478 impossible
1027 2445 1098 2480 que
1116 2432 1262 2479 Ix'ilidge
1275 2432 1404 2467 Arslan
1420 2432 1655 2479 interrompit
1669 2445 1715 2466 au
1731 2432 1823 2466 mois
1839 2431 1936 2466 d’oc-

521 2491 625 2526 {obre
645 2490 679 2524 la
697 2491 889 2537 poursuite
909 2491 971 2526 des
991 2492 1147 2538 peierins
1169 2492 1354 2527 cliretiens
1374 2504 1439 2539 par
1455 2491 1488 2526 la
1509 2492 1646 2526 erainte
1662 2491 1706 2525 de
1725 2490 1932 2534 Boz'mmud,

519 2551 583 2598 qui
601 2562 646 2585 ne
665 2557 823 2585 traversa
842 2550 1086 2599 l'Adriatique
1105 2552 1215 2600 qu'au
1238 2552 1330 2587 mois
1351 2552 1396 2587 de
1416 2551 1609 2586 decembre
1629 2558 1665 2586 et
1684 2551 1839 2585 n’arriva
1864 2562 1933 2585 aux

518 2611 687 2646 environs
706 2610 750 2645 de
771 2611 1074 2657 Constantinople
1092 2612 1202 2660 qu'au
1220 2612 1311 2647 mois
1328 2611 1453 2646 d’avril
1473 2610 1518 2646 de
1534 2611 1673 2645 Fanne'e
1690 2610 1869 2645 suivante.

564 2673 615 2717 (2)
635 2673 682 2706 Le
700 2670 744 2706 23
766 2671 977 2708 decembre.

565 2731 615 2778 (5)
640 2731 755 2767 Noti-e
779 2739 908 2767 auteur
933 2732 1104 2768 s⁷obstine
1119 2735 1138 2768 ἐι
1155 2733 1245 2768 faire
1264 2732 1432 2768 marchei·
1449 2729 1637 2766 Boemond
1660 2728 1932 2776 parallelement

516 2794 532 2825 ὸ
559 2792 753 2836 Godefroi,
777 2805 840 2839 par
860 2793 951 2828 suite
972 2793 1015 2828 dc
1034 2793 1185 2829 Perseus
1206 2806 1275 2841 quc
1295 2806 1384 2829 nous
1404 2804 1538 2828 venons
1558 2791 1602 2826 de
1618 2789 1766 2826 relever.
