2033 3445
51 289 98 335 [1⁰
120 299 217 322 sumi
242 285 360 331 1097]
579 284 732 321 LIBER
762 284 942 321 NONUS.
1393 286 1470 324 509

49 372 130 436 qui
155 370 215 416 ab
243 387 300 417 eo
327 371 622 450 longiuscule
645 381 959 428 recesserant,
988 381 1040 416 ut
1064 371 1121 417 ad
1144 388 1221 418 eos
1243 374 1470 437 juvandos

53 449 100 493 in
138 446 305 511 grandi
346 447 618 493 necessitate
654 459 933 511 properent.
974 447 1214 494 Peditibus
1247 449 1382 512 jubet
1418 462 1472 497 ut

54 525 253 588 impigre
280 534 326 570 et
357 522 619 587 prudenter
648 526 853 570 tentoria
882 525 1053 588 figant,
1083 536 1130 570 et
1156 526 1387 572 militibus
1419 539 1471 573 ut

49 619 206 648 secum
231 602 422 649 obviam
446 604 638 666 paganis
661 602 719 648 ad
738 602 920 648 bellum
945 602 1228 665 procedant,
1256 614 1302 649 et
1332 605 1470 651 labo-

51 697 154 726 rem
172 679 445 726 certaminis
466 678 677 725 indefessi
701 679 978 725 sustineant.
1007 681 1205 725 Interim
1231 681 1373 727 Turci
1395 699 1472 729 oc-

50 758 306 804 clamantes
327 757 397 820 (1)
419 756 724 813 advenerant,
747 767 794 803 et
813 757 1096 821 sagittando,
1121 758 1470 822 veljaculando‚

51 852 130 882 seu
143 835 358 881 cominus
369 834 602 894 feriendo,
619 834 912 882 Christianos
926 836 1156 882 acerrime
1172 835 1469 882 infestabant.

51 912 190 958 Nulla
210 912 413 976 fatigatis
435 911 636 958 dabatur
659 914 871 978 requies,
900 912 979 959 sed
1002 914 1163 959 omnia
1184 914 1470 962 Christiano-

51 1007 158 1035 rum
187 1006 387 1054 corpora
412 1007 584 1036 cruore
609 991 684 1036 vel
710 989 881 1037 sudore
906 991 1132 1055 liquentia
1156 994 1468 1055 conspiceres.

51 1068 91 1114 E
115 1079 281 1114 contra
317 1068 486 1115 Franci
524 1068 706 1131 pondus
738 1068 851 1114 belli
892 1068 1212 1114 indesinenter
1247 1069 1470 1127 susserre,

51 1146 265 1192 incursus
286 1147 333 1193 in
353 1146 506 1194 hostes
524 1146 777 1210 aliquando
797 1146 1059 1210 prudenter
1078 1146 1288 1203 differre,
1311 1148 1474 1212 gladiis

54 1222 293 1268 interdum
329 1225 567 1278 resistere,
602 1225 751 1270 socios
777 1234 970 1271 vocatos
1003 1235 1275 1286 expectare,
1303 1242 1389 1271 nec
1424 1227 1471 1272 in

51 1299 212 1364 aliquo
237 1300 459 1347 titubare.
486 1303 618 1347 Hanc
643 1301 951 1347 conflictuum
974 1301 1249 1347 violentiam
1274 1302 1331 1348 ab
1356 1303 1474 1350 hora

52 1377 142 1424 diei
167 1379 305 1425 tertia
328 1396 471 1443 usque
493 1380 542 1426 in
567 1378 735 1425 horam
755 1397 932 1425 nonam
952 1380 1274 1443 pertulerunt.
1297 1381 1381 1427 Illa
1401 1381 1476 1427 die

54 1455 276 1502 mulieres
326 1458 519 1502 suerunt
573 1456 863 1503 bellantibus
919 1459 1297 1519 pernecessariae„
1356 1459 1477 1505 Nam

54 1533 320 1580 sitientibus
347 1553 517 1599 aquam
540 1535 800 1597 perniciter
820 1534 1156 1598 porrigebant,
1186 1547 1232 1581 et
1254 1554 1478 1599 pugnan-

58 1621 122 1657 tes
144 1611 440 1659 exhortando
461 1611 796 1659 confortabant
817 1614 906 1676 (2).
927 1613 1093 1658 Martis
1114 1631 1304 1676 campus
1322 1615 1479 1661 incan-

53 1688 236 1735 duerat.
262 1691 394 1737 Totis
417 1691 546 1737 enim
571 1690 750 1736 viribus
772 1692 998 1755 utrinque
1023 1691 1311 1738 certabatur.
1338 1693 1477 1739 Chri-

55 1767 190 1814 stiani
231 1767 548 1831 angebantur.
599 1768 719 1813 Nam
757 1768 1040 1832 plerumque
1085 1771 1131 1813 in
1171 1769 1279 1832 ipsis
1316 1772 1479 1818 castris

56 1845 479 1909 impugnabantur.
537 1845 669 1891 Alius
717 1846 949 1891 exercitus
1002 1845 1166 1909 legatis
1215 1847 1476 1895 Boamundi

54 1920 373 1977 discredebat,
396 1934 443 1968 et
465 1921 521 1968 de
541 1921 653 1968 belli
677 1921 962 1968 certitudine
978 1921 1259 1986 ambigebat.
1287 1925 1477 1971 Nullam

57 2011 245 2063 gentem
265 2000 484 2063 sperabat
501 2017 619 2057 esse,
643 2017 748 2064 quae
769 2011 934 2047 contra
956 2001 1023 2046 sui
1043 2001 1274 2047 exercitus
1292 2014 1478 2065 partem

59 2078 223 2125 saltem
246 2077 477 2124 decimam
500 2078 557 2125 de
582 2077 712 2124 bello
739 2077 933 2124 auderet
959 2077 1198 2124 anhelare.
1223 2080 1476 2145 Postquam

109 2221 157 2264 (ι)
183 2220 394 2254 Clamant&
411 2220 582 2254 ‘videlicet
601 2226 710 2267 altsite
731 2218 928 2253 stridentes
949 2219 1062 2253 mullo
1085 2220 1256 2260 clamore,
1284 2227 1395 2268 alque
1419 2223 1477 2257 cli-

65 2286 187 2313 cenles
213 2282 332 2314 nescia
356 2280 447 2327 quid
469 2280 689 2313 (lialmlicmn
716 2281 751 2313 in
779 2279 939 2313 lun-bara
964 2279 1109 2324 lingua,
1134 2278 1190 2313 (lit
1209 2280 1333 2314 l'icrre
1351 2282 1478 2317 Tude-

64 2338 156 2373 hodo
174 2351 257 2373 avec
279 2352 348 2373 nn<=
370 2341 508 2373 na'iven'·
529 2340 754 2372 chan-manto.

112 2399 160 2442 (9.)
185 2398 299 2432 botre
317 2405 448 2432 auteur
470 2410 514 2431 nc
532 2397 654 2432 donne
676 2410 736 2443 pas
755 2409 825 2430 unc
846 2396 926 2430 idco
942 2403 1064 2430 exacte
1087 2396 1149 2430 dvs
1168 2406 1418 2433 niouvenwnts
1436 2400 1481 2435 dc

67 2456 98 2491 la
116 2458 260 2492 bataille
277 2458 322 2492 (le
339 2458 512 2504 DorylcQ
532 2457 555 2491 il
573 2457 695 2491 onblie
714 2456 758 2490 de
776 2456 1009 2490 nientionner
1029 2455 1198 2502 Panaque
1214 2463 1249 2489 ct
1267 2456 1298 2490 la
1318 2459 1412 2503 prise
1431 2460 1481 2493 dn

68 2529 172 2564 camp
189 2517 250 2552 des
264 2518 404 2553 Chretiz
419 2531 460 2552 ns
480 2531 542 2564 par
562 2517 612 2551 lcs
631 2518 767 2558 (tures,
790 2516 821 2550 la
842 2515 963 2549 valcur
977 2515 1147 2549 brillante
1165 2516 1213 2549 (lu
1234 2516 1305 2551 duc
1323 2517 1368 2551 (lc
1386 2520 1481 2553 Κον-

71 2577 232 2617 mandiv,
259 2579 288 2612 {a
307 2579 444 2624 repsiso
465 2578 512 2611 <lu
534 2590 637 2623 camp
660 2589 724 2623 par
745 2575 930 2610 Boemond
944 2602 952 2617 ‚
972 2575 1033 2621 qui
1056 2575 1302 2609 cmnmamlait
1324 2576 1357 2610 le
1375 2590 1480 2625 corps

71 2635 116 2669 de
138 2638 294 2672 resarvc.
315 2640 366 2671 (Ic
392 2650 436 2671 nc
463 2645 529 2683 put
553 2638 631 2671 etro
658 2635 825 2682 qn’apres
852 2634 932 2668 lenr
956 2633 1160 2667 ‹telin-auco
1186 2647 1249 2679 par
1272 2648 1311 2669 ce
1335 2636 1483 2671 (lernicr

71 2697 301 2739 eve-uenient,
319 2710 390 2744 quc
407 2697 454 2731 lcs
473 2698 621 2731 scnnncs
641 2696 830 2742 port'crcnt
851 2693 913 2728 des
934 2693 1281 2727 rasraichissemcnts
1297 2707 1364 2728 aux
1383 2707 1483 2729 coin—

73 2754 238 2789 bauants.
