2033 3445
85 299 220 349 [1084]
554 301 700 339 LlssER
728 302 994 342 SEPTIMUS.
1407 318 1482 353 179

144 384 217 430 Sic
242 385 411 430 iratum
433 385 598 432 ducem
621 386 740 449 Papa
765 387 950 445 lenivit,
982 404 1267 458 acceptoque
1286 400 1483 446 consilio

79 461 135 508 de
160 472 290 507 turre
309 461 571 508 Crescentis
596 479 702 509 cum
727 465 854 511 clero
879 469 1061 531 sequaci
1086 471 1255 528 exivit,
1279 484 1324 518 et
1340 477 1483 521 comi-

81 549 204 585 tante
233 537 350 585 duce
384 557 492 585 cum
526 540 676 586 valida
706 559 849 588 manu
882 543 1069 602 ductus,
1108 547 1280 596 Albam
1316 551 1477 599 adivit.

78 617 206 662 Hanc
229 617 383 680 itaque
400 616 566 663 urbem
589 618 812 665 Ascanius
832 622 1000 680 Julius,
1024 625 1186 672 AEneae
1211 626 1348 684 fitius,
1371 647 1482 677 con-

75 691 216 750 didit,
241 703 286 738 et
307 694 643 741 Constantinus
663 695 899 761 Augustus
918 712 1079 748 sancto
1098 703 1323 752 Silvestro
1343 707 1479 771 Papa?

74 767 214 814 dedit.
239 769 345 814 Dux
363 781 516 816 autem
540 773 791 835 apostolica
811 774 1139 826 benedictione
1157 793 1341 845 accepta
1355 819 1366 839 ,
1391 785 1481 831 iter

74 846 128 892 ad
147 863 274 892 mare
295 849 596 907 acceleravit,
623 862 669 896 et
696 863 823 898 trans
853 867 1053 917 pontum
1081 870 1232 905 coetus
1255 879 1360 908 suos
1382 863 1477 909 ses-

74 923 294 980 tinanter,
317 935 368 970 ut
387 925 451 971 eis
469 927 735 989 juraverat,
763 932 957 993 expetiit
982 935 1069 996 (1).

132 999 312 1046 Interea
351 1001 543 1048 callidus
577 1004 836 1068 imperator
869 1007 1174 1069 Graecorum,
1204 1024 1255 1059 ut
1289 1015 1476 1063 Rober—

70 1086 168 1121 tum
195 1076 358 1124 adiisse
386 1079 568 1126 Italiam
592 1084 841 1146 cognovit,
868 1097 995 1132 ratus
1023 1089 1150 1152 quod
1171 1091 1474 1142 Normannos

67 1151 254 1199 absente
283 1154 401 1201 duce
423 1155 668 1205 destitutos
698 1159 945 1210 debilitare
970 1178 1153 1229 posset,
1190 1170 1467 1229 insurrexit,

65 1230 233 1277 multas
266 1232 482 1280 cohortes
510 1235 755 1295 adunavit,
790 1251 836 1286 et
863 1242 1037 1291 invitos
1061 1245 1114 1291 ad
1141 1245 1319 1295 bellum
1353 1251 1473 1297 Nor-

64 1324 258 1355 mannos
274 1312 443 1375 coegit.
467 1312 724 1362 Commisso
741 1329 895 1365 autem
918 1323 1085 1383 praelio
1109 1324 1372 1374 Normanni
1394 1329 1471 1376 de-

60 1384 175 1432 biles
206 1388 253 1433 in
279 1389 444 1451 primis
462 1394 636 1454 reperti
660 1406 794 1452 sunt,
825 1408 869 1442 et
889 1399 1049 1445 multis
1067 1417 1123 1447 ex
1147 1405 1293 1449 causis
1315 1405 1360 1451 in
1383 1407 1470 1452 ini-

62 1462 128 1507 tio
166 1466 435 1512 certaminis
474 1470 652 1526 territi,
685 1483 731 1517 et
770 1490 890 1535 pene
935 1477 1045 1523 victi
1083 1491 1209 1525 sunt.
1254 1482 1375 1529 Nam
1415 1496 1467 1530 ut

57 1542 340 1602 paucitatem
360 1545 456 1601 sui,
482 1556 528 1591 et
547 1546 804 1595 absentiam
829 1552 1054 1599 fortunati
1082 1555 1236 1613 ducis,
1266 1570 1311 1605 et
1333 1562 1464 1607 mul-

56 1616 305 1664 titudinem
347 1620 549 1669 hostium
585 1626 964 1689 perpenderunt,
1004 1649 1123 1695 pene
1162 1636 1319 1700 sugam
1356 1650 1463 1687 antc

53 1710 257 1757 pugnam
288 1696 511 1745 inierunt.
551 1701 639 1748 Sed
672 1721 780 1749 cum
812 1706 1113 1757 Buamundus
1148 1713 1194 1759 in
1236 1715 1461 1764 conflictu

50 1787 156 1817 cum
186 1774 351 1820 turmis
374 1777 465 1822 suis
488 1779 709 1826 vacillans
743 1784 1023 1846 trepidaret,
1047 1800 1093 1834 et
1122 1792 1286 1838 anxius
1310 1794 1460 1842 Deum

49 1863 104 1893 ex
128 1849 267 1897 corde
292 1853 555 1911 invocaret,
581 1856 753 1905 divinae
779 1863 961 1923 pietatis
987 1867 1209 1914 auxilium
1233 1870 1388 1930 affuit,
1413 1885 1459 1920 et

47 1939 136 1970 vox
162 1925 477 1990 hujuscemodi
506 1931 704 1997 desuper
735 1937 940 1984 intonuit
969 1961 978 1985 ι
1001 1943 1314 2005 Bnamumle,
1339 1952 1459 2012 quid

48 2000 657 2070 agis?Proelc'aresortiler.
694 2011 824 2059 sssum
857 2015 961 2072 ille,
994 2021 1080 2081 (sui
1105 2034 1289 2083 patrem
1321 2037 1451 2073 tuum

37 2076 186 2138 juvit,
213 2091 254 2126 te
271 2083 491 2129 similiter·
512 2087 781 2151 adjuvabit,
808 2094 854 2137 si
871 2094 918 2138 in
945 2095 1027 2141 illo
1047 2100 1446 2163 confisusfioeris,

44 2156 172 2217 eique
175 2157 394 2220 fideliter
404 2162 697 2211 militaveris.
721 2168 816 2214 Hac
835 2186 946 2216 voce
965 2172 1007 2217 N
1011 2178 1228 2223 ormanni
1252 2184 1446 2228 recreati

42 2317 139 2362 goire
159 2319 233 2354 VII
253 2320 298 2355 de
315 2323 445 2367 jamnis
464 2337 499 2357 sz·
515 2326 611 2371 jetcr
636 2340 703 2362 aux
728 2330 830 2375 pieds
856 2332 901 2367 de
926 2347 1115 2380 personne.
1145 2340 1195 2374 Ce
1224 2342 1279 2376 sut
1304 2343 1441 2381 Robert

38 2375 99 2421 qui
116 2377 190 2422 prit
207 2386 300 2414 cette
320 2388 469 2426 posture
489 2383 520 2417 la
539 2387 720 2431 premiere
738 2389 805 2423 sois
827 2392 933 2437 qii’ils
954 2406 989 2428 se
1009 2396 1145 2440 virent,
1169 2401 1187 2433 ἐι
1207 2402 1373 2448 Aquino,
1396 2418 1441 2439 au

37 2435 125 2469 mois
144 2435 282 2482 dejuin
309 2440 405 2475 1080.

79 2493 128 2539 (ι)
145 2495 190 2530 Le
206 2495 277 2532 duc
296 2511 341 2533 ne
358 2500 541 2537 conduisit
560 2516 622 2550 pas
639 2505 820 2553 Gregoire
843 2512 860 2543 ἰι
880 2511 1039 2556 Albano,
1061 2517 1149 2551 niais
1170 2518 1192 2552 il
1212 2519 1245 2553 le
1265 2520 1367 2556 laissa
1390 2536 1435 2559 au

36 2551 140 2596 palais
157 2554 201 2590 de
224 2557 365 2593 Latran.
393 2561 422 2595 ll
447 2574 491 2596 ne
514 2565 625 2609 partit
648 2565 841 2603 lui-nieme
864 2583 956 2616 pour
979 2573 1126 2621 l'lllyrie
1151 2579 1258 2624 qu‘au
1279 2584 1370 2618 mois
1389 2585 1434 2620 dp

34 2614 246 2656 septembre.
273 2618 454 2665 Gregoire
478 2622 549 2657 ΥΠ
576 2637 593 2657 a
620 2625 702 2660 hicn
730 2628 898 2673 sejoume
915 2633 933 2665 a
953 2633 1112 2678 Albano,
1134 2639 1222 2673 mais
1248 2642 1368 2678 c'etait
1387 2658 1430 2680 en

36 2675 137 2718 1074,
161 2674 321 2723 lorsqu’il
340 2691 376 2713 se
396 2681 538 2717 rendait
558 2696 601 2718 au
632 2687 732 2721 Wlont
758 2688 882 2724 Cassin
909 2698 944 2726 et
967 2696 985 2727 ἐι
1009 2696 1168 2742 Capoue.
1190 2701 1218 2734 Il
1244 2705 1358 2740 arriva
1384 2720 1427 2742 an

30 2729 131 2767 Mont
150 2734 272 2771 Cassin
293 2737 381 2773 (lans
402 2741 432 2775 le
451 2745 542 2777 mois
559 2744 692 2788 ‹l'aofit‚
713 2755 748 2782 et
768 2761 812 2784 ne
831 2753 940 2797 partit
959 2753 1003 2789 de
1016 2757 1163 2803 Capoue
1180 2774 1272 2806 pour
1288 2769 1429 2802 rot-enii-

29 2792 45 2823 ξι
66 2790 178 2828 Rome
198 2797 303 2842 qn'an
325 2799 446 2834 mili‹=11
470 2802 514 2836 de
537 2807 742 2842 novembre..
