<?xml version="1.0" encoding="UTF-8"?>
<!DOCTYPE html PUBLIC "-//W3C//DTD XHTML 1.0 Transitional//EN"
    "http://www.w3.org/TR/xhtml1/DTD/xhtml1-transitional.dtd">
<html xmlns="http://www.w3.org/1999/xhtml" xml:lang="en" lang="en">
 <head>
  <title>
</title>
<meta http-equiv="Content-Type" content="text/html;charset=utf-8" />
  <meta name='ocr-system' content='tesseract 3.04.00' />
  <meta name='ocr-capabilities' content='ocr_page ocr_carea ocr_par ocr_line ocrx_word'/>
</head>
<body>
  <div class='ocr_page' id='page_1' title='image "./ordericivitalish03ordeuoft/ordericivitalish03ordeuoft_0701.png"; bbox 0 0 2033 3445; ppageno 0'>
   <div class='ocr_carea' id='block_1_1' title="bbox 92 255 1495 304">
    <p class='ocr_par' dir='ltr' id='par_1_1' title="bbox 92 255 1495 304">
     <span class='ocr_line' id='line_1_1' title="bbox 92 255 1495 304; baseline 0.001 -10"><span class='ocrx_word' id='word_1_1' title='bbox 92 255 360 304; x_wconf 82' lang='lat'>[1097-1098]</span> <span class='ocrx_word' id='word_1_2' title='bbox 606 255 759 294; x_wconf 87' lang='lat' dir='ltr'>LIBER</span> <span class='ocrx_word' id='word_1_3' title='bbox 787 255 967 293; x_wconf 80' lang='lat' dir='ltr'><strong>NONUS.</strong></span> <span class='ocrx_word' id='word_1_4' title='bbox 1416 258 1495 295; x_wconf 82' lang='lat'>569</span> 
     </span>
    </p>
   </div>
   <div class='ocr_carea' id='block_1_2' title="bbox 86 341 1501 1486">
    <p class='ocr_par' dir='ltr' id='par_1_2' title="bbox 87 341 1499 714">
     <span class='ocr_line' id='line_1_2' title="bbox 89 341 1496 403; baseline 0.001 -17"><span class='ocrx_word' id='word_1_5' title='bbox 89 351 373 389; x_wconf 83' lang='lat' dir='ltr'><strong>veneranter</strong></span> <span class='ocrx_word' id='word_1_6' title='bbox 390 352 644 403; x_wconf 86' lang='lat' dir='ltr'>coeperunt</span> <span class='ocrx_word' id='word_1_7' title='bbox 668 342 821 389; x_wconf 79' lang='lat' dir='ltr'>colere</span> <span class='ocrx_word' id='word_1_8' title='bbox 844 341 1000 388; x_wconf 84' lang='lat' dir='ltr'>fideles</span> <span class='ocrx_word' id='word_1_9' title='bbox 1020 341 1209 388; x_wconf 80' lang='lat' dir='ltr'>advenae</span> <span class='ocrx_word' id='word_1_10' title='bbox 1236 360 1344 389; x_wconf 90' lang='lat' dir='ltr'>cum</span> <span class='ocrx_word' id='word_1_11' title='bbox 1369 341 1496 389; x_wconf 88' lang='lat' dir='ltr'>indi·-</span> 
     </span>
     <span class='ocr_line' id='line_1_3' title="bbox 89 418 1498 483; baseline 0 -18"><span class='ocrx_word' id='word_1_12' title='bbox 89 420 238 483; x_wconf 78' lang='lat' dir='ltr'>genis.</span> <span class='ocrx_word' id='word_1_13' title='bbox 264 419 449 465; x_wconf 88' lang='lat' dir='ltr'>Divinae</span> <span class='ocrx_word' id='word_1_14' title='bbox 480 419 717 464; x_wconf 83' lang='lat' dir='ltr'>servitutis</span> <span class='ocrx_word' id='word_1_15' title='bbox 753 419 893 465; x_wconf 80' lang='lat' dir='ltr'>series</span> <span class='ocrx_word' id='word_1_16' title='bbox 926 418 1175 482; x_wconf 84' lang='lat' dir='ltr'>insigniter</span> <span class='ocrx_word' id='word_1_17' title='bbox 1196 418 1382 465; x_wconf 81' lang='lat' dir='ltr'>Edessae</span> <span class='ocrx_word' id='word_1_18' title='bbox 1406 436 1498 465; x_wconf 92' lang='lat' dir='ltr'>res-</span> 
     </span>
     <span class='ocr_line' id='line_1_4' title="bbox 88 494 1499 560; baseline 0 -18"><span class='ocrx_word' id='word_1_19' title='bbox 88 506 268 542; x_wconf 82' lang='lat' dir='ltr'>taurata</span> <span class='ocrx_word' id='word_1_20' title='bbox 295 506 388 552; x_wconf 87' lang='lat' dir='ltr'>est,</span> <span class='ocrx_word' id='word_1_21' title='bbox 416 506 462 542; x_wconf 83' lang='lat' dir='ltr'>et</span> <span class='ocrx_word' id='word_1_22' title='bbox 481 495 633 542; x_wconf 82' lang='lat' dir='ltr'>multo</span> <span class='ocrx_word' id='word_1_23' title='bbox 649 497 754 559; x_wconf 89' lang='lat' dir='ltr'>plus</span> <span class='ocrx_word' id='word_1_24' title='bbox 777 494 1231 559; x_wconf 81' lang='lat' dir='ltr'>incomparabiliter,</span> <span class='ocrx_word' id='word_1_25' title='bbox 1259 514 1401 560; x_wconf 84' lang='lat' dir='ltr'>quam</span> <span class='ocrx_word' id='word_1_26' title='bbox 1423 497 1499 542; x_wconf 88' lang='lat' dir='ltr'>sti-</span> 
     </span>
     <span class='ocr_line' id='line_1_5' title="bbox 89 572 1498 637; baseline 0.002 -19"><span class='ocrx_word' id='word_1_27' title='bbox 89 573 159 618; x_wconf 91' lang='lat' dir='ltr'>lus</span> <span class='ocrx_word' id='word_1_28' title='bbox 177 584 340 620; x_wconf 84' lang='lat' dir='ltr'>noster</span> <span class='ocrx_word' id='word_1_29' title='bbox 358 583 590 619; x_wconf 83' lang='lat' dir='ltr'>annotare</span> <span class='ocrx_word' id='word_1_30' title='bbox 609 584 789 636; x_wconf 87' lang='lat' dir='ltr'>potest,</span> <span class='ocrx_word' id='word_1_31' title='bbox 812 572 970 619; x_wconf 84' lang='lat' dir='ltr'>divina</span> <span class='ocrx_word' id='word_1_32' title='bbox 990 573 1134 637; x_wconf 85' lang='lat' dir='ltr'>pietas</span> <span class='ocrx_word' id='word_1_33' title='bbox 1154 574 1202 619; x_wconf 89' lang='lat' dir='ltr'>in</span> <span class='ocrx_word' id='word_1_34' title='bbox 1221 574 1397 637; x_wconf 90' lang='lat' dir='ltr'>populo</span> <span class='ocrx_word' id='word_1_35' title='bbox 1415 591 1498 621; x_wconf 90' lang='lat' dir='ltr'>suo</span> 
     </span>
     <span class='ocr_line' id='line_1_6' title="bbox 87 649 1217 714; baseline 0 -18"><span class='ocrx_word' id='word_1_36' title='bbox 87 649 372 697; x_wconf 85' lang='lat' dir='ltr'>mirabiliter</span> <span class='ocrx_word' id='word_1_37' title='bbox 396 651 522 696; x_wconf 87' lang='lat' dir='ltr'>intus</span> <span class='ocrx_word' id='word_1_38' title='bbox 542 661 588 697; x_wconf 90' lang='lat' dir='ltr'>et</span> <span class='ocrx_word' id='word_1_39' title='bbox 604 651 808 697; x_wconf 86' lang='lat' dir='ltr'>exterius</span> <span class='ocrx_word' id='word_1_40' title='bbox 828 661 1017 714; x_wconf 87' lang='lat' dir='ltr'>operata</span> <span class='ocrx_word' id='word_1_41' title='bbox 1043 661 1111 696; x_wconf 83' lang='lat' dir='ltr'>est</span> <span class='ocrx_word' id='word_1_42' title='bbox 1127 651 1217 713; x_wconf 82' lang='lat'>(1).</span> 
     </span>
    </p>

    <p class='ocr_par' dir='ltr' id='par_1_3' title="bbox 86 726 1501 1486">
     <span class='ocr_line' id='line_1_7' title="bbox 151 726 1499 793; baseline -0.001 -19"><span class='ocrx_word' id='word_1_43' title='bbox 151 727 406 774; x_wconf 87' lang='lat' dir='ltr'>Balduinus</span> <span class='ocrx_word' id='word_1_44' title='bbox 432 728 611 792; x_wconf 85' lang='lat' dir='ltr'>itaque,</span> <span class='ocrx_word' id='word_1_45' title='bbox 636 727 980 792; x_wconf 84' lang='lat' dir='ltr'>multiplicibus</span> <span class='ocrx_word' id='word_1_46' title='bbox 1005 727 1206 793; x_wconf 79' lang='lat' dir='ltr'>negotiis</span> <span class='ocrx_word' id='word_1_47' title='bbox 1235 727 1292 773; x_wconf 87' lang='lat' dir='ltr'>ad</span> <span class='ocrx_word' id='word_1_48' title='bbox 1316 726 1499 774; x_wconf 78' lang='lat' dir='ltr'>laudem</span> 
     </span>
     <span class='ocr_line' id='line_1_8' title="bbox 87 803 1501 870; baseline -0.001 -19"><span class='ocrx_word' id='word_1_49' title='bbox 87 805 261 852; x_wconf 81' lang='lat' dir='ltr'>Christi</span> <span class='ocrx_word' id='word_1_50' title='bbox 282 816 536 869; x_wconf 85' lang='lat' dir='ltr'>occupatus</span> <span class='ocrx_word' id='word_1_51' title='bbox 556 806 646 869; x_wconf 81' lang='lat'>(2),</span> <span class='ocrx_word' id='word_1_52' title='bbox 669 823 767 852; x_wconf 90' lang='lat' dir='ltr'>non</span> <span class='ocrx_word' id='word_1_53' title='bbox 788 806 942 870; x_wconf 84' lang='lat' dir='ltr'>potuit</span> <span class='ocrx_word' id='word_1_54' title='bbox 960 805 1205 870; x_wconf 81' lang='lat' dir='ltr'>suffragari</span> <span class='ocrx_word' id='word_1_55' title='bbox 1225 803 1501 859; x_wconf 78' lang='lat' dir='ltr'>Christianis</span> 
     </span>
     <span class='ocr_line' id='line_1_9' title="bbox 88 880 1500 930; baseline -0.003 0"><span class='ocrx_word' id='word_1_56' title='bbox 88 882 393 930; x_wconf 82' lang='lat' dir='ltr'>Antiochiam</span> <span class='ocrx_word' id='word_1_57' title='bbox 431 882 776 930; x_wconf 83' lang='lat' dir='ltr'>obsidentibus.</span> <span class='ocrx_word' id='word_1_58' title='bbox 813 883 1000 929; x_wconf 89' lang='lat' dir='ltr'>Auditis</span> <span class='ocrx_word' id='word_1_59' title='bbox 1032 893 1192 929; x_wconf 86' lang='lat' dir='ltr'>tamen</span> <span class='ocrx_word' id='word_1_60' title='bbox 1225 880 1500 928; x_wconf 87' lang='lat' dir='ltr'>rumoribus</span> 
     </span>
     <span class='ocr_line' id='line_1_10' title="bbox 86 959 1496 1025; baseline -0.001 -19"><span class='ocrx_word' id='word_1_61' title='bbox 86 961 144 1008; x_wconf 87' lang='lat' dir='ltr'>de</span> <span class='ocrx_word' id='word_1_62' title='bbox 174 961 480 1025; x_wconf 85' lang='lat' dir='ltr'>oppressione</span> <span class='ocrx_word' id='word_1_63' title='bbox 520 962 664 1007; x_wconf 91' lang='lat' dir='ltr'>nimia</span> <span class='ocrx_word' id='word_1_64' title='bbox 679 997 692 1017; x_wconf 87' lang='lat'><em>‚</em></span> <span class='ocrx_word' id='word_1_65' title='bbox 731 979 870 1025; x_wconf 85' lang='lat' dir='ltr'>quam</span> <span class='ocrx_word' id='word_1_66' title='bbox 909 960 1084 1006; x_wconf 87' lang='lat' dir='ltr'>ibidem</span> <span class='ocrx_word' id='word_1_67' title='bbox 1125 959 1330 1023; x_wconf 87' lang='lat' dir='ltr'>perpessi</span> <span class='ocrx_word' id='word_1_68' title='bbox 1361 969 1471 1004; x_wconf 77' lang='lat' dir='ltr'>sunt</span> <span class='ocrx_word' id='word_1_69' title='bbox 1483 995 1496 1015; x_wconf 92' lang='lat'>,</span> 
     </span>
     <span class='ocr_line' id='line_1_11' title="bbox 88 1037 1501 1102; baseline -0.001 -19"><span class='ocrx_word' id='word_1_70' title='bbox 88 1039 186 1101; x_wconf 90' lang='lat' dir='ltr'>ipse</span> <span class='ocrx_word' id='word_1_71' title='bbox 205 1049 252 1084; x_wconf 82' lang='lat' dir='ltr'>et</span> <span class='ocrx_word' id='word_1_72' title='bbox 271 1038 618 1085; x_wconf 84' lang='lat' dir='ltr'>commilitones</span> <span class='ocrx_word' id='word_1_73' title='bbox 642 1039 738 1102; x_wconf 88' lang='lat' dir='ltr'>ejus</span> <span class='ocrx_word' id='word_1_74' title='bbox 762 1037 1057 1085; x_wconf 79' lang='lat' dir='ltr'>Christicolis</span> <span class='ocrx_word' id='word_1_75' title='bbox 1072 1037 1374 1083; x_wconf 72' lang='lat' dir='ltr'>vehementer</span> <span class='ocrx_word' id='word_1_76' title='bbox 1392 1052 1501 1082; x_wconf 83' lang='lat' dir='ltr'>con-</span> 
     </span>
     <span class='ocr_line' id='line_1_12' title="bbox 86 1114 1499 1181; baseline -0.003 -18"><span class='ocrx_word' id='word_1_77' title='bbox 86 1115 362 1173; x_wconf 83' lang='lat' dir='ltr'>doluerunt,</span> <span class='ocrx_word' id='word_1_78' title='bbox 382 1127 428 1162; x_wconf 82' lang='lat' dir='ltr'>et</span> <span class='ocrx_word' id='word_1_79' title='bbox 444 1133 585 1181; x_wconf 84' lang='lat' dir='ltr'>quam</span> <span class='ocrx_word' id='word_1_80' title='bbox 604 1117 740 1163; x_wconf 85' lang='lat' dir='ltr'>citius</span> <span class='ocrx_word' id='word_1_81' title='bbox 756 1126 1034 1179; x_wconf 87' lang='lat' dir='ltr'>potuerunt,</span> <span class='ocrx_word' id='word_1_82' title='bbox 1052 1114 1193 1162; x_wconf 84' lang='lat' dir='ltr'>rebus</span> <span class='ocrx_word' id='word_1_83' title='bbox 1213 1115 1304 1160; x_wconf 87' lang='lat' dir='ltr'>suis</span> <span class='ocrx_word' id='word_1_84' title='bbox 1321 1114 1499 1177; x_wconf 87' lang='lat' dir='ltr'>optime</span> 
     </span>
     <span class='ocr_line' id='line_1_13' title="bbox 86 1190 1499 1256; baseline -0.003 -18"><span class='ocrx_word' id='word_1_85' title='bbox 86 1192 319 1256; x_wconf 86' lang='lat' dir='ltr'>dispositis</span> <span class='ocrx_word' id='word_1_86' title='bbox 334 1229 345 1249; x_wconf 81' lang='grc'>,</span> <span class='ocrx_word' id='word_1_87' title='bbox 367 1191 423 1238; x_wconf 80' lang='lat' dir='ltr'>ad</span> <span class='ocrx_word' id='word_1_88' title='bbox 449 1191 708 1238; x_wconf 88' lang='lat' dir='ltr'>subsidium</span> <span class='ocrx_word' id='word_1_89' title='bbox 731 1209 898 1239; x_wconf 85' lang='lat' dir='ltr'>eorum</span> <span class='ocrx_word' id='word_1_90' title='bbox 913 1192 1271 1239; x_wconf 78' lang='lat' dir='ltr'>festinaverunt.</span> <span class='ocrx_word' id='word_1_91' title='bbox 1299 1190 1499 1236; x_wconf 83' lang='lat' dir='ltr'>Interim</span> 
     </span>
     <span class='ocr_line' id='line_1_14' title="bbox 88 1268 1499 1333; baseline -0.002 -18"><span class='ocrx_word' id='word_1_92' title='bbox 88 1270 200 1333; x_wconf 87' lang='lat' dir='ltr'>ipsi,</span> <span class='ocrx_word' id='word_1_93' title='bbox 226 1270 484 1316; x_wconf 82' lang='lat' dir='ltr'>auxiliante</span> <span class='ocrx_word' id='word_1_94' title='bbox 507 1270 716 1317; x_wconf 85' lang='lat' dir='ltr'>Domino</span> <span class='ocrx_word' id='word_1_95' title='bbox 741 1270 851 1316; x_wconf 90' lang='lat' dir='ltr'>Jesu</span> <span class='ocrx_word' id='word_1_96' title='bbox 865 1305 878 1326; x_wconf 93' lang='lat'><em>,</em></span> <span class='ocrx_word' id='word_1_97' title='bbox 905 1270 1031 1316; x_wconf 84' lang='lat' dir='ltr'>victo</span> <span class='ocrx_word' id='word_1_98' title='bbox 1058 1268 1368 1314; x_wconf 76' lang='lat' dir='ltr'>curbaranno</span> <span class='ocrx_word' id='word_1_99' title='bbox 1391 1283 1499 1314; x_wconf 89' lang='lat' dir='ltr'>cum</span> 
     </span>
     <span class='ocr_line' id='line_1_15' title="bbox 88 1343 1498 1410; baseline -0.004 -18"><span class='ocrx_word' id='word_1_100' title='bbox 88 1347 179 1393; x_wconf 91' lang='lat' dir='ltr'>suis</span> <span class='ocrx_word' id='word_1_101' title='bbox 197 1347 400 1394; x_wconf 85' lang='lat' dir='ltr'>victores</span> <span class='ocrx_word' id='word_1_102' title='bbox 426 1346 810 1410; x_wconf 86' lang='lat' dir='ltr'>triumpharunt,</span> <span class='ocrx_word' id='word_1_103' title='bbox 832 1357 879 1393; x_wconf 81' lang='lat' dir='ltr'>et</span> <span class='ocrx_word' id='word_1_104' title='bbox 901 1345 1159 1392; x_wconf 86' lang='lat' dir='ltr'>Balduinus</span> <span class='ocrx_word' id='word_1_105' title='bbox 1181 1345 1388 1408; x_wconf 86' lang='lat' dir='ltr'>sociique</span> <span class='ocrx_word' id='word_1_106' title='bbox 1404 1343 1498 1407; x_wconf 88' lang='lat' dir='ltr'>ejus</span> 
     </span>
     <span class='ocr_line' id='line_1_16' title="bbox 88 1420 1501 1486; baseline -0.001 -19"><span class='ocrx_word' id='word_1_107' title='bbox 88 1423 267 1470; x_wconf 88' lang='lat' dir='ltr'>Turcos</span> <span class='ocrx_word' id='word_1_108' title='bbox 281 1459 295 1481; x_wconf 84' lang='lat'><em>‚</em></span> <span class='ocrx_word' id='word_1_109' title='bbox 317 1422 373 1469; x_wconf 85' lang='lat' dir='ltr'>de</span> <span class='ocrx_word' id='word_1_110' title='bbox 393 1423 655 1486; x_wconf 89' lang='lat' dir='ltr'>municipio</span> <span class='ocrx_word' id='word_1_111' title='bbox 673 1421 941 1469; x_wconf 83' lang='lat' dir='ltr'>Antiochiae</span> <span class='ocrx_word' id='word_1_112' title='bbox 957 1458 970 1479; x_wconf 85' lang='lat'><em>‚</em></span> <span class='ocrx_word' id='word_1_113' title='bbox 990 1432 1043 1467; x_wconf 83' lang='lat' dir='ltr'>ut</span> <span class='ocrx_word' id='word_1_114' title='bbox 1060 1420 1239 1467; x_wconf 80' lang='lat' dir='ltr'>dictum</span> <span class='ocrx_word' id='word_1_115' title='bbox 1259 1430 1348 1475; x_wconf 83' lang='lat' dir='ltr'>est,</span> <span class='ocrx_word' id='word_1_116' title='bbox 1376 1435 1501 1465; x_wconf 91' lang='lat' dir='ltr'>rece-</span> 
     </span>
    </p>
   </div>
   <div class='ocr_carea' id='block_1_3' title="bbox 86 1624 1501 2857">
    <p class='ocr_par' dir='ltr' id='par_1_4' title="bbox 86 1624 1501 2626">
     <span class='ocr_line' id='line_1_17' title="bbox 134 1624 1501 1676; baseline -0.004 -13"><span class='ocrx_word' id='word_1_117' title='bbox 134 1629 184 1674; x_wconf 92' lang='lat'>(1)</span> <span class='ocrx_word' id='word_1_118' title='bbox 203 1628 309 1663; x_wconf 82' lang='lat' dir='ltr'>Cette</span> <span class='ocrx_word' id='word_1_119' title='bbox 326 1627 478 1663; x_wconf 88' lang='lat' dir='ltr'>relation</span> <span class='ocrx_word' id='word_1_120' title='bbox 497 1627 541 1662; x_wconf 88' lang='lat' dir='ltr'>de</span> <span class='ocrx_word' id='word_1_121' title='bbox 557 1627 588 1662; x_wconf 90' lang='lat' dir='ltr'>la</span> <span class='ocrx_word' id='word_1_122' title='bbox 605 1628 784 1676; x_wconf 62' lang='lat' dir='ltr'>conqucte</span> <span class='ocrx_word' id='word_1_123' title='bbox 802 1627 846 1662; x_wconf 86' lang='lat' dir='ltr'>de</span> <span class='ocrx_word' id='word_1_124' title='bbox 865 1627 1064 1662; x_wconf 79' lang='lat' dir='ltr'>l’Armenic</span> <span class='ocrx_word' id='word_1_125' title='bbox 1082 1627 1138 1661; x_wconf 88' lang='lat' dir='ltr'>n&#39;a</span> <span class='ocrx_word' id='word_1_126' title='bbox 1156 1627 1261 1673; x_wconf 87' lang='lat' dir='ltr'>point</span> <span class='ocrx_word' id='word_1_127' title='bbox 1277 1626 1334 1660; x_wconf 77' lang='lat' dir='ltr'>e&#39;te</span> <span class='ocrx_word' id='word_1_128' title='bbox 1349 1624 1501 1659; x_wconf 82' lang='lat' dir='ltr'>extraite</span> 
     </span>
     <span class='ocr_line' id='line_1_18' title="bbox 87 1683 1500 1734; baseline -0.003 -13"><span class='ocrx_word' id='word_1_129' title='bbox 87 1686 132 1722; x_wconf 88' lang='lat' dir='ltr'>de</span> <span class='ocrx_word' id='word_1_130' title='bbox 153 1687 338 1734; x_wconf 82' lang='lat' dir='ltr'>l&#39;ouvrage</span> <span class='ocrx_word' id='word_1_131' title='bbox 364 1686 408 1721; x_wconf 90' lang='lat' dir='ltr'>de</span> <span class='ocrx_word' id='word_1_132' title='bbox 431 1686 587 1729; x_wconf 81' lang='lat' dir='ltr'>Baudri,</span> <span class='ocrx_word' id='word_1_133' title='bbox 621 1698 762 1720; x_wconf 81' lang='lat' dir='ltr'>comme</span> <span class='ocrx_word' id='word_1_134' title='bbox 792 1698 947 1733; x_wconf 70' lang='lat' dir='ltr'>presque</span> <span class='ocrx_word' id='word_1_135' title='bbox 975 1692 1057 1720; x_wconf 85' lang='lat' dir='ltr'>tout</span> <span class='ocrx_word' id='word_1_136' title='bbox 1080 1685 1114 1720; x_wconf 87' lang='lat' dir='ltr'>le</span> <span class='ocrx_word' id='word_1_137' title='bbox 1142 1692 1235 1719; x_wconf 77' lang='lat' dir='ltr'>reste</span> <span class='ocrx_word' id='word_1_138' title='bbox 1255 1684 1304 1718; x_wconf 90' lang='lat' dir='ltr'>du</span> <span class='ocrx_word' id='word_1_139' title='bbox 1328 1684 1435 1724; x_wconf 80' lang='lat' dir='ltr'>livre,</span> <span class='ocrx_word' id='word_1_140' title='bbox 1462 1683 1500 1717; x_wconf 88' lang='lat' dir='ltr'>ni</span> 
     </span>
     <span class='ocr_line' id='line_1_19' title="bbox 87 1743 1500 1792; baseline -0.003 -11"><span class='ocrx_word' id='word_1_141' title='bbox 87 1746 206 1781; x_wconf 71' lang='lat' dir='ltr'>meme</span> <span class='ocrx_word' id='word_1_142' title='bbox 232 1745 278 1781; x_wconf 88' lang='lat' dir='ltr'>de</span> <span class='ocrx_word' id='word_1_143' title='bbox 307 1745 400 1781; x_wconf 84' lang='lat' dir='ltr'>celui</span> <span class='ocrx_word' id='word_1_144' title='bbox 427 1745 472 1780; x_wconf 89' lang='lat' dir='ltr'>de</span> <span class='ocrx_word' id='word_1_145' title='bbox 500 1745 669 1780; x_wconf 80' lang='lat' dir='ltr'>Fouchcr</span> <span class='ocrx_word' id='word_1_146' title='bbox 698 1745 743 1779; x_wconf 92' lang='lat' dir='ltr'>de</span> <span class='ocrx_word' id='word_1_147' title='bbox 773 1745 965 1788; x_wconf 83' lang='lat' dir='ltr'>Chartres,</span> <span class='ocrx_word' id='word_1_148' title='bbox 995 1745 1078 1792; x_wconf 86' lang='lat' dir='ltr'>qui,</span> <span class='ocrx_word' id='word_1_149' title='bbox 1108 1751 1215 1790; x_wconf 76' lang='lat' dir='ltr'>ayant</span> <span class='ocrx_word' id='word_1_150' title='bbox 1242 1744 1333 1778; x_wconf 79' lang='lat' dir='ltr'>suivi</span> <span class='ocrx_word' id='word_1_151' title='bbox 1355 1743 1500 1790; x_wconf 78' lang='lat' dir='ltr'>jusqu’a</span> 
     </span>
     <span class='ocr_line' id='line_1_20' title="bbox 87 1798 1499 1853; baseline -0.003 -13"><span class='ocrx_word' id='word_1_152' title='bbox 87 1798 239 1850; x_wconf 63' lang='lat' dir='ltr'>messe,</span> <span class='ocrx_word' id='word_1_153' title='bbox 267 1818 312 1840; x_wconf 86' lang='lat' dir='ltr'>en</span> <span class='ocrx_word' id='word_1_154' title='bbox 340 1804 478 1853; x_wconf 80' lang='lat' dir='ltr'>qualite</span> <span class='ocrx_word' id='word_1_155' title='bbox 505 1804 550 1840; x_wconf 91' lang='lat' dir='ltr'>de</span> <span class='ocrx_word' id='word_1_156' title='bbox 573 1805 784 1851; x_wconf 83' lang='lat' dir='ltr'>chapelaiu,</span> <span class='ocrx_word' id='word_1_157' title='bbox 809 1804 1057 1839; x_wconf 77' lang='lat' dir='ltr'>l’aventui·eux</span> <span class='ocrx_word' id='word_1_158' title='bbox 1083 1803 1280 1846; x_wconf 74' lang='lat' dir='ltr'>chevalier,</span> <span class='ocrx_word' id='word_1_159' title='bbox 1306 1803 1426 1837; x_wconf 78' lang='lat' dir='ltr'>aurait</span> <span class='ocrx_word' id='word_1_160' title='bbox 1449 1815 1499 1848; x_wconf 87' lang='lat' dir='ltr'>pu</span> 
     </span>
     <span class='ocr_line' id='line_1_21' title="bbox 86 1861 1500 1910; baseline -0.003 -11"><span class='ocrx_word' id='word_1_161' title='bbox 86 1865 230 1899; x_wconf 78' lang='lat' dir='ltr'>foui-nir</span> <span class='ocrx_word' id='word_1_162' title='bbox 259 1867 278 1899; x_wconf 75' lang='lat' dir='ltr'>a</span> <span class='ocrx_word' id='word_1_163' title='bbox 306 1872 412 1899; x_wconf 82' lang='lat' dir='ltr'>notre</span> <span class='ocrx_word' id='word_1_164' title='bbox 436 1871 568 1899; x_wconf 80' lang='lat' dir='ltr'>auteur</span> <span class='ocrx_word' id='word_1_165' title='bbox 595 1864 640 1898; x_wconf 82' lang='lat' dir='ltr'>de</span> <span class='ocrx_word' id='word_1_166' title='bbox 668 1864 857 1910; x_wconf 82' lang='lat' dir='ltr'>beaucoup</span> <span class='ocrx_word' id='word_1_167' title='bbox 885 1863 1091 1898; x_wconf 82' lang='lat' dir='ltr'>meilleures</span> <span class='ocrx_word' id='word_1_168' title='bbox 1116 1863 1277 1897; x_wconf 77' lang='lat' dir='ltr'>donnees</span> <span class='ocrx_word' id='word_1_169' title='bbox 1300 1874 1372 1909; x_wconf 87' lang='lat' dir='ltr'>que</span> <span class='ocrx_word' id='word_1_170' title='bbox 1395 1861 1500 1896; x_wconf 81' lang='lat' dir='ltr'>celles</span> 
     </span>
     <span class='ocr_line' id='line_1_22' title="bbox 87 1920 1500 1971; baseline -0.002 -13"><span class='ocrx_word' id='word_1_171' title='bbox 87 1924 177 1971; x_wconf 86' lang='lat' dir='ltr'>qu&#39;il</span> <span class='ocrx_word' id='word_1_172' title='bbox 196 1924 248 1958; x_wconf 89' lang='lat' dir='ltr'>lui</span> <span class='ocrx_word' id='word_1_173' title='bbox 269 1937 288 1958; x_wconf 87' lang='lat' dir='ltr'>a</span> <span class='ocrx_word' id='word_1_174' title='bbox 308 1923 372 1970; x_wconf 89' lang='lat' dir='ltr'>plu</span> <span class='ocrx_word' id='word_1_175' title='bbox 393 1923 594 1970; x_wconf 80' lang='lat' dir='ltr'>d&#39;adopter.</span> <span class='ocrx_word' id='word_1_176' title='bbox 615 1924 663 1958; x_wconf 90' lang='lat' dir='ltr'>Lc</span> <span class='ocrx_word' id='word_1_177' title='bbox 683 1923 820 1957; x_wconf 83' lang='lat' dir='ltr'>lcctcur</span> <span class='ocrx_word' id='word_1_178' title='bbox 839 1936 926 1957; x_wconf 83' lang='lat' dir='ltr'>aura</span> <span class='ocrx_word' id='word_1_179' title='bbox 947 1935 995 1969; x_wconf 84' lang='lat' dir='ltr'>pu</span> <span class='ocrx_word' id='word_1_180' title='bbox 1013 1922 1249 1969; x_wconf 81' lang='lat' dir='ltr'>s&#39;apercevoir</span> <span class='ocrx_word' id='word_1_181' title='bbox 1266 1934 1311 1956; x_wconf 90' lang='lat' dir='ltr'>en</span> <span class='ocrx_word' id='word_1_182' title='bbox 1330 1920 1414 1955; x_wconf 83' lang='lat' dir='ltr'>effet</span> <span class='ocrx_word' id='word_1_183' title='bbox 1429 1933 1500 1968; x_wconf 85' lang='lat' dir='ltr'>que</span> 
     </span>
     <span class='ocr_line' id='line_1_23' title="bbox 87 1980 1499 2030; baseline -0.004 -12"><span class='ocrx_word' id='word_1_184' title='bbox 87 1995 127 2018; x_wconf 90' lang='lat' dir='ltr'>ce</span> <span class='ocrx_word' id='word_1_185' title='bbox 148 1984 240 2019; x_wconf 79' lang='lat' dir='ltr'>recit</span> <span class='ocrx_word' id='word_1_186' title='bbox 259 1990 313 2018; x_wconf 88' lang='lat' dir='ltr'>est</span> <span class='ocrx_word' id='word_1_187' title='bbox 336 1983 526 2030; x_wconf 79' lang='lat' dir='ltr'>beaucoup</span> <span class='ocrx_word' id='word_1_188' title='bbox 550 1982 630 2030; x_wconf 88' lang='lat' dir='ltr'>plus</span> <span class='ocrx_word' id='word_1_189' title='bbox 656 1994 896 2029; x_wconf 78' lang='lat' dir='ltr'>romanesque</span> <span class='ocrx_word' id='word_1_190' title='bbox 921 1982 1203 2029; x_wconf 81' lang='lat' dir='ltr'>qu&#39;historique.</span> <span class='ocrx_word' id='word_1_191' title='bbox 1227 1980 1499 2015; x_wconf 79' lang='lat' dir='ltr'>Malheureuse-</span> 
     </span>
     <span class='ocr_line' id='line_1_24' title="bbox 87 2040 1501 2090; baseline -0.004 -12"><span class='ocrx_word' id='word_1_192' title='bbox 87 2050 190 2078; x_wconf 83' lang='lat' dir='ltr'>ment</span> <span class='ocrx_word' id='word_1_193' title='bbox 210 2055 304 2090; x_wconf 79' lang='lat' dir='ltr'>pour</span> <span class='ocrx_word' id='word_1_194' title='bbox 327 2043 359 2078; x_wconf 82' lang='lat' dir='ltr'>la</span> <span class='ocrx_word' id='word_1_195' title='bbox 384 2043 498 2090; x_wconf 77' lang='lat' dir='ltr'>gleire</span> <span class='ocrx_word' id='word_1_196' title='bbox 517 2043 562 2077; x_wconf 86' lang='lat' dir='ltr'>dc</span> <span class='ocrx_word' id='word_1_197' title='bbox 582 2042 794 2086; x_wconf 81' lang='lat' dir='ltr'>Baudouin,</span> <span class='ocrx_word' id='word_1_198' title='bbox 822 2043 872 2077; x_wconf 91' lang='lat' dir='ltr'>les</span> <span class='ocrx_word' id='word_1_199' title='bbox 891 2043 1017 2076; x_wconf 86' lang='lat' dir='ltr'>choses</span> <span class='ocrx_word' id='word_1_200' title='bbox 1037 2054 1073 2075; x_wconf 83' lang='lat' dir='ltr'>sc</span> <span class='ocrx_word' id='word_1_201' title='bbox 1091 2042 1277 2088; x_wconf 67' lang='lat' dir='ltr'>passerent</span> <span class='ocrx_word' id='word_1_202' title='bbox 1293 2040 1402 2074; x_wconf 87' lang='lat' dir='ltr'>d’une</span> <span class='ocrx_word' id='word_1_203' title='bbox 1421 2052 1501 2074; x_wconf 82' lang='lat' dir='ltr'>ma-</span> 
     </span>
     <span class='ocr_line' id='line_1_25' title="bbox 88 2098 1498 2155; baseline -0.001 -19"><span class='ocrx_word' id='word_1_204' title='bbox 88 2104 190 2138; x_wconf 68' lang='lat' dir='ltr'>niere</span> <span class='ocrx_word' id='word_1_205' title='bbox 205 2103 394 2149; x_wconf 79' lang='lat' dir='ltr'>beaucoup</span> <span class='ocrx_word' id='word_1_206' title='bbox 412 2102 493 2155; x_wconf 81' lang='lat' dir='ltr'>plus</span> <span class='ocrx_word' id='word_1_207' title='bbox 510 2102 626 2148; x_wconf 74' lang='lat' dir='ltr'>loyale</span> <span class='ocrx_word' id='word_1_208' title='bbox 643 2102 688 2136; x_wconf 84' lang='lat' dir='ltr'>de</span> <span class='ocrx_word' id='word_1_209' title='bbox 705 2102 737 2135; x_wconf 85' lang='lat' dir='ltr'>la</span> <span class='ocrx_word' id='word_1_210' title='bbox 755 2109 835 2149; x_wconf 81' lang='lat' dir='ltr'>part</span> <span class='ocrx_word' id='word_1_211' title='bbox 853 2101 902 2135; x_wconf 90' lang='lat' dir='ltr'>du</span> <span class='ocrx_word' id='word_1_212' title='bbox 922 2113 1151 2148; x_wconf 74' lang='lat' dir='ltr'>gouvcrneur</span> <span class='ocrx_word' id='word_1_213' title='bbox 1166 2112 1236 2148; x_wconf 85' lang='lat' dir='ltr'>que</span> <span class='ocrx_word' id='word_1_214' title='bbox 1250 2099 1295 2134; x_wconf 90' lang='lat' dir='ltr'>de</span> <span class='ocrx_word' id='word_1_215' title='bbox 1311 2099 1343 2133; x_wconf 91' lang='lat' dir='ltr'>la</span> <span class='ocrx_word' id='word_1_216' title='bbox 1360 2098 1498 2134; x_wconf 88' lang='lat' dir='ltr'>sienne.</span> 
     </span>
     <span class='ocr_line' id='line_1_26' title="bbox 89 2158 1499 2209; baseline -0.004 -12"><span class='ocrx_word' id='word_1_217' title='bbox 89 2164 136 2197; x_wconf 92' lang='lat' dir='ltr'>Le</span> <span class='ocrx_word' id='word_1_218' title='bbox 164 2163 270 2197; x_wconf 80' lang='lat' dir='ltr'>vieux</span> <span class='ocrx_word' id='word_1_219' title='bbox 300 2163 449 2209; x_wconf 86' lang='lat' dir='ltr'>prince,</span> <span class='ocrx_word' id='word_1_220' title='bbox 483 2164 586 2209; x_wconf 75' lang='lat' dir='ltr'>apres</span> <span class='ocrx_word' id='word_1_221' title='bbox 618 2161 742 2196; x_wconf 81' lang='lat' dir='ltr'>l⁷av0ir</span> <span class='ocrx_word' id='word_1_222' title='bbox 773 2161 906 2207; x_wconf 78' lang='lat' dir='ltr'>adopte</span> <span class='ocrx_word' id='word_1_223' title='bbox 935 2160 1232 2195; x_wconf 83' lang='lat' dir='ltr'>solennellement</span> <span class='ocrx_word' id='word_1_224' title='bbox 1260 2166 1297 2194; x_wconf 88' lang='lat' dir='ltr'>et</span> <span class='ocrx_word' id='word_1_225' title='bbox 1326 2171 1408 2193; x_wconf 79' lang='lat' dir='ltr'>avec</span> <span class='ocrx_word' id='word_1_226' title='bbox 1437 2158 1499 2193; x_wconf 86' lang='lat' dir='ltr'>des</span> 
     </span>
     <span class='ocr_line' id='line_1_27' title="bbox 88 2217 1499 2265; baseline -0.004 -8"><span class='ocrx_word' id='word_1_227' title='bbox 88 2222 222 2257; x_wconf 76' lang='lat' dir='ltr'>formes</span> <span class='ocrx_word' id='word_1_228' title='bbox 250 2233 344 2256; x_wconf 85' lang='lat' dir='ltr'>assez</span> <span class='ocrx_word' id='word_1_229' title='bbox 373 2222 577 2264; x_wconf 82' lang='lat' dir='ltr'>curienses,</span> <span class='ocrx_word' id='word_1_230' title='bbox 607 2222 663 2256; x_wconf 84' lang='lat' dir='ltr'>sut</span> <span class='ocrx_word' id='word_1_231' title='bbox 690 2221 835 2255; x_wconf 73' lang='lat' dir='ltr'>victime</span> <span class='ocrx_word' id='word_1_232' title='bbox 866 2220 976 2254; x_wconf 85' lang='lat' dir='ltr'>d’une</span> <span class='ocrx_word' id='word_1_233' title='bbox 1004 2220 1160 2254; x_wconf 78' lang='lat' dir='ltr'>sedition</span> <span class='ocrx_word' id='word_1_234' title='bbox 1191 2218 1379 2265; x_wconf 82' lang='lat' dir='ltr'>populaire</span> <span class='ocrx_word' id='word_1_235' title='bbox 1408 2217 1499 2251; x_wconf 87' lang='lat' dir='ltr'>dont</span> 
     </span>
     <span class='ocr_line' id='line_1_28' title="bbox 87 2278 1499 2328; baseline -0.003 -12"><span class='ocrx_word' id='word_1_236' title='bbox 87 2282 279 2317; x_wconf 85' lang='lat' dir='ltr'>Baudouin</span> <span class='ocrx_word' id='word_1_237' title='bbox 297 2282 354 2316; x_wconf 87' lang='lat' dir='ltr'>sut</span> <span class='ocrx_word' id='word_1_238' title='bbox 372 2281 404 2316; x_wconf 90' lang='grc'><strong>18</strong></span> <span class='ocrx_word' id='word_1_239' title='bbox 421 2282 550 2325; x_wconf 70' lang='lat' dir='ltr'>heros,</span> <span class='ocrx_word' id='word_1_240' title='bbox 572 2283 678 2316; x_wconf 90' lang='lat' dir='ltr'>sinon</span> <span class='ocrx_word' id='word_1_241' title='bbox 697 2282 952 2328; x_wconf 76' lang='lat' dir='ltr'>l⁷instigateur‚</span> <span class='ocrx_word' id='word_1_242' title='bbox 975 2287 1011 2315; x_wconf 85' lang='lat' dir='ltr'>ct</span> <span class='ocrx_word' id='word_1_243' title='bbox 1030 2280 1139 2327; x_wconf 87' lang='lat' dir='ltr'>qu’au</span> <span class='ocrx_word' id='word_1_244' title='bbox 1156 2280 1273 2314; x_wconf 88' lang='lat' dir='ltr'>moins</span> <span class='ocrx_word' id='word_1_245' title='bbox 1290 2278 1314 2314; x_wconf 93' lang='lat' dir='ltr'>il</span> <span class='ocrx_word' id='word_1_246' title='bbox 1332 2290 1377 2312; x_wconf 89' lang='lat' dir='ltr'>ne</span> <span class='ocrx_word' id='word_1_247' title='bbox 1393 2278 1499 2312; x_wconf 89' lang='lat' dir='ltr'>cher-</span> 
     </span>
     <span class='ocr_line' id='line_1_29' title="bbox 88 2338 1498 2388; baseline -0.004 -12"><span class='ocrx_word' id='word_1_248' title='bbox 88 2343 155 2377; x_wconf 89' lang='lat' dir='ltr'>cha</span> <span class='ocrx_word' id='word_1_249' title='bbox 172 2341 375 2377; x_wconf 83' lang='lat' dir='ltr'>nullement</span> <span class='ocrx_word' id='word_1_250' title='bbox 393 2345 411 2376; x_wconf 71' lang='lat' dir='ltr'>a</span> <span class='ocrx_word' id='word_1_251' title='bbox 431 2343 624 2388; x_wconf 74' lang='lat' dir='ltr'>reprimor.</span> <span class='ocrx_word' id='word_1_252' title='bbox 644 2343 695 2377; x_wconf 89' lang='lat' dir='ltr'>Cc</span> <span class='ocrx_word' id='word_1_253' title='bbox 714 2354 759 2375; x_wconf 88' lang='lat' dir='ltr'>nc</span> <span class='ocrx_word' id='word_1_254' title='bbox 783 2341 838 2375; x_wconf 85' lang='lat' dir='ltr'>fut</span> <span class='ocrx_word' id='word_1_255' title='bbox 859 2341 962 2387; x_wconf 76' lang='lat' dir='ltr'>point</span> <span class='ocrx_word' id='word_1_256' title='bbox 980 2342 999 2374; x_wconf 73' lang='grc' dir='ltr'>ἐι</span> <span class='ocrx_word' id='word_1_257' title='bbox 1017 2352 1054 2374; x_wconf 88' lang='lat' dir='ltr'>sa</span> <span class='ocrx_word' id='word_1_258' title='bbox 1073 2340 1163 2383; x_wconf 82' lang='lat' dir='ltr'>fille,</span> <span class='ocrx_word' id='word_1_259' title='bbox 1189 2340 1278 2373; x_wconf 89' lang='lat' dir='ltr'>mais</span> <span class='ocrx_word' id='word_1_260' title='bbox 1301 2341 1320 2373; x_wconf 69' lang='grc' dir='ltr'>ἐι</span> <span class='ocrx_word' id='word_1_261' title='bbox 1343 2338 1376 2372; x_wconf 85' lang='lat' dir='ltr'>la</span> <span class='ocrx_word' id='word_1_262' title='bbox 1396 2338 1498 2372; x_wconf 74' lang='lat' dir='ltr'>nicee</span> 
     </span>
     <span class='ocr_line' id='line_1_30' title="bbox 87 2398 1498 2448; baseline -0.006 -11"><span class='ocrx_word' id='word_1_263' title='bbox 87 2402 175 2436; x_wconf 92' lang='lat' dir='ltr'>d&#39;un</span> <span class='ocrx_word' id='word_1_264' title='bbox 190 2402 316 2448; x_wconf 86' lang='lat' dir='ltr'>prince</span> <span class='ocrx_word' id='word_1_265' title='bbox 331 2402 382 2436; x_wconf 87' lang='lat' dir='ltr'>du</span> <span class='ocrx_word' id='word_1_266' title='bbox 396 2414 494 2447; x_wconf 66' lang='lat' dir='ltr'>pays,</span> <span class='ocrx_word' id='word_1_267' title='bbox 515 2403 696 2441; x_wconf 66' lang='lat' dir='ltr'>nominee,</span> <span class='ocrx_word' id='word_1_268' title='bbox 717 2400 855 2443; x_wconf 82' lang='lat' dir='ltr'>dit-on,</span> <span class='ocrx_word' id='word_1_269' title='bbox 878 2400 1062 2445; x_wconf 77' lang='lat' dir='ltr'>Tapliroc,</span> <span class='ocrx_word' id='word_1_270' title='bbox 1081 2411 1152 2446; x_wconf 86' lang='lat' dir='ltr'>que</span> <span class='ocrx_word' id='word_1_271' title='bbox 1166 2398 1276 2433; x_wconf 84' lang='lat' dir='ltr'>s&#39;allia</span> <span class='ocrx_word' id='word_1_272' title='bbox 1287 2398 1320 2432; x_wconf 88' lang='grc'><strong>18</strong></span> <span class='ocrx_word' id='word_1_273' title='bbox 1334 2409 1498 2432; x_wconf 84' lang='lat' dir='ltr'>nouveau.</span> 
     </span>
     <span class='ocr_line' id='line_1_31' title="bbox 88 2456 1498 2507; baseline -0.004 -13"><span class='ocrx_word' id='word_1_274' title='bbox 88 2461 290 2495; x_wconf 79' lang='lat' dir='ltr'>souverain.</span> <span class='ocrx_word' id='word_1_275' title='bbox 305 2461 422 2507; x_wconf 69' lang='lat' dir='ltr'>Apres</span> <span class='ocrx_word' id='word_1_276' title='bbox 437 2460 560 2494; x_wconf 81' lang='lat' dir='ltr'>l’avoir</span> <span class='ocrx_word' id='word_1_277' title='bbox 575 2459 767 2506; x_wconf 66' lang='lat' dir='ltr'>repudiec,</span> <span class='ocrx_word' id='word_1_278' title='bbox 786 2458 809 2492; x_wconf 87' lang='lat' dir='ltr'>il</span> <span class='ocrx_word' id='word_1_279' title='bbox 825 2460 958 2504; x_wconf 73' lang='lat' dir='ltr'>epousa</span> <span class='ocrx_word' id='word_1_280' title='bbox 969 2485 977 2500; x_wconf 91' lang='lat'>‚</span> <span class='ocrx_word' id='word_1_281' title='bbox 995 2469 1040 2491; x_wconf 89' lang='lat' dir='ltr'>cn</span> <span class='ocrx_word' id='word_1_282' title='bbox 1059 2471 1069 2491; x_wconf 81' lang='grc' dir='ltr'><em>ι</em></span> <span class='ocrx_word' id='word_1_283' title='bbox 1082 2469 1143 2491; x_wconf 83' lang='lat'>102</span> <span class='ocrx_word' id='word_1_284' title='bbox 1156 2485 1165 2503; x_wconf 82' lang='lat'>‚</span> <span class='ocrx_word' id='word_1_285' title='bbox 1184 2456 1373 2496; x_wconf 55' lang='lat' dir='ltr'>menide,</span> <span class='ocrx_word' id='word_1_286' title='bbox 1388 2467 1498 2490; x_wconf 77' lang='lat' dir='ltr'>veuvc</span> 
     </span>
     <span class='ocr_line' id='line_1_32' title="bbox 88 2516 1496 2566; baseline -0.005 -11"><span class='ocrx_word' id='word_1_287' title='bbox 88 2520 134 2555; x_wconf 85' lang='lat' dir='ltr'>de</span> <span class='ocrx_word' id='word_1_288' title='bbox 160 2520 283 2566; x_wconf 80' lang='lat' dir='ltr'>Roger</span> <span class='ocrx_word' id='word_1_289' title='bbox 302 2521 359 2564; x_wconf 61' lang='lat'>1⁸,</span> <span class='ocrx_word' id='word_1_290' title='bbox 387 2520 442 2555; x_wconf 88' lang='lat' dir='ltr'>roi</span> <span class='ocrx_word' id='word_1_291' title='bbox 468 2519 513 2554; x_wconf 87' lang='lat' dir='ltr'>de</span> <span class='ocrx_word' id='word_1_292' title='bbox 531 2520 658 2562; x_wconf 82' lang='lat' dir='ltr'>Sicile,</span> <span class='ocrx_word' id='word_1_293' title='bbox 685 2518 775 2553; x_wconf 86' lang='lat' dir='ltr'>dont</span> <span class='ocrx_word' id='word_1_294' title='bbox 796 2517 822 2552; x_wconf 93' lang='lat' dir='ltr'>il</span> <span class='ocrx_word' id='word_1_295' title='bbox 842 2529 879 2552; x_wconf 87' lang='lat' dir='ltr'>se</span> <span class='ocrx_word' id='word_1_296' title='bbox 900 2519 1024 2564; x_wconf 77' lang='lat' dir='ltr'>separa</span> <span class='ocrx_word' id='word_1_297' title='bbox 1048 2517 1142 2552; x_wconf 86' lang='lat' dir='ltr'>aussi</span> <span class='ocrx_word' id='word_1_298' title='bbox 1166 2516 1326 2559; x_wconf 57' lang='lat' dir='ltr'>hiemat,</span> <span class='ocrx_word' id='word_1_299' title='bbox 1346 2527 1430 2550; x_wconf 87' lang='lat' dir='ltr'>sous</span> <span class='ocrx_word' id='word_1_300' title='bbox 1448 2527 1496 2548; x_wconf 86' lang='lat' dir='ltr'>un</span> 
     </span>
     <span class='ocr_line' id='line_1_33' title="bbox 88 2579 599 2626; baseline -0.002 -12"><span class='ocrx_word' id='word_1_301' title='bbox 88 2580 170 2614; x_wconf 84' lang='lat' dir='ltr'>vain</span> <span class='ocrx_word' id='word_1_302' title='bbox 188 2580 352 2626; x_wconf 79' lang='lat' dir='ltr'>pretexte</span> <span class='ocrx_word' id='word_1_303' title='bbox 373 2579 418 2614; x_wconf 91' lang='lat' dir='ltr'>de</span> <span class='ocrx_word' id='word_1_304' title='bbox 435 2581 599 2626; x_wconf 85' lang='lat' dir='ltr'>parentc&#39;.</span> 
     </span>
    </p>

    <p class='ocr_par' dir='ltr' id='par_1_5' title="bbox 90 2633 1496 2857">
     <span class='ocr_line' id='line_1_34' title="bbox 133 2633 1496 2684; baseline -0.005 -11"><span class='ocrx_word' id='word_1_305' title='bbox 133 2639 185 2684; x_wconf 78' lang='lat'>(2)</span> <span class='ocrx_word' id='word_1_306' title='bbox 203 2638 395 2684; x_wconf 79' lang='lat' dir='ltr'>sseaucoup</span> <span class='ocrx_word' id='word_1_307' title='bbox 413 2638 531 2672; x_wconf 90' lang='lat' dir='ltr'>moins</span> <span class='ocrx_word' id='word_1_308' title='bbox 551 2637 639 2672; x_wconf 86' lang='lat' dir='ltr'>dans</span> <span class='ocrx_word' id='word_1_309' title='bbox 659 2636 817 2671; x_wconf 68' lang='lat' dir='ltr'>l’iuteret</span> <span class='ocrx_word' id='word_1_310' title='bbox 838 2635 884 2670; x_wconf 85' lang='lat' dir='ltr'>dc</span> <span class='ocrx_word' id='word_1_311' title='bbox 904 2635 937 2670; x_wconf 89' lang='lat' dir='ltr'>la</span> <span class='ocrx_word' id='word_1_312' title='bbox 961 2635 1074 2681; x_wconf 84' lang='lat' dir='ltr'>gloire</span> <span class='ocrx_word' id='word_1_313' title='bbox 1093 2635 1138 2670; x_wconf 82' lang='lat' dir='ltr'>de</span> <span class='ocrx_word' id='word_1_314' title='bbox 1155 2633 1406 2669; x_wconf 78' lang='lat' dir='ltr'>Jesus-Christ</span> <span class='ocrx_word' id='word_1_315' title='bbox 1425 2645 1496 2679; x_wconf 81' lang='lat' dir='ltr'>que</span> 
     </span>
     <span class='ocr_line' id='line_1_35' title="bbox 90 2691 1495 2743; baseline -0.005 -13"><span class='ocrx_word' id='word_1_316' title='bbox 90 2695 178 2730; x_wconf 82' lang='lat' dir='ltr'>(lans</span> <span class='ocrx_word' id='word_1_317' title='bbox 192 2695 284 2730; x_wconf 87' lang='lat' dir='ltr'>celui</span> <span class='ocrx_word' id='word_1_318' title='bbox 299 2695 344 2730; x_wconf 89' lang='grc'><strong>(18</strong></span> <span class='ocrx_word' id='word_1_319' title='bbox 357 2707 392 2730; x_wconf 87' lang='lat' dir='ltr'>sa</span> <span class='ocrx_word' id='word_1_320' title='bbox 407 2708 540 2743; x_wconf 77' lang='lat' dir='ltr'>propre</span> <span class='ocrx_word' id='word_1_321' title='bbox 556 2695 745 2730; x_wconf 80' lang='lat' dir='ltr'>anibition.</span> <span class='ocrx_word' id='word_1_322' title='bbox 767 2694 817 2730; x_wconf 86' lang='lat' dir='ltr'>Ce</span> <span class='ocrx_word' id='word_1_323' title='bbox 836 2694 892 2728; x_wconf 83' lang='lat' dir='ltr'>sut</span> <span class='ocrx_word' id='word_1_324' title='bbox 907 2693 1023 2729; x_wconf 74' lang='lat' dir='ltr'>meme</span> <span class='ocrx_word' id='word_1_325' title='bbox 1040 2706 1084 2728; x_wconf 86' lang='lat' dir='ltr'>en</span> <span class='ocrx_word' id='word_1_326' title='bbox 1102 2693 1183 2727; x_wconf 73' lang='lat' dir='ltr'>vain</span> <span class='ocrx_word' id='word_1_327' title='bbox 1200 2705 1270 2739; x_wconf 84' lang='lat' dir='ltr'>quc</span> <span class='ocrx_word' id='word_1_328' title='bbox 1285 2692 1334 2725; x_wconf 89' lang='lat' dir='ltr'>lcs</span> <span class='ocrx_word' id='word_1_329' title='bbox 1352 2691 1495 2737; x_wconf 78' lang='lat' dir='ltr'>princes</span> 
     </span>
     <span class='ocr_line' id='line_1_36' title="bbox 91 2748 1496 2800; baseline -0.004 -13"><span class='ocrx_word' id='word_1_330' title='bbox 91 2754 223 2788; x_wconf 74' lang='lat' dir='ltr'>croiscs</span> <span class='ocrx_word' id='word_1_331' title='bbox 237 2761 273 2788; x_wconf 87' lang='lat' dir='ltr'>ct</span> <span class='ocrx_word' id='word_1_332' title='bbox 290 2753 339 2788; x_wconf 85' lang='lat' dir='ltr'>lcs</span> <span class='ocrx_word' id='word_1_333' title='bbox 358 2753 489 2800; x_wconf 79' lang='lat' dir='ltr'>prc&#39;lats</span> <span class='ocrx_word' id='word_1_334' title='bbox 506 2754 613 2788; x_wconf 77' lang='lat' dir='ltr'>sircnt</span> <span class='ocrx_word' id='word_1_335' title='bbox 630 2766 679 2787; x_wconf 86' lang='lat' dir='ltr'>un</span> <span class='ocrx_word' id='word_1_336' title='bbox 696 2752 800 2798; x_wconf 77' lang='lat' dir='ltr'>appel</span> <span class='ocrx_word' id='word_1_337' title='bbox 816 2751 974 2786; x_wconf 83' lang='lat' dir='ltr'>solcnnel</span> <span class='ocrx_word' id='word_1_338' title='bbox 991 2754 1007 2786; x_wconf 76' lang='grc' dir='ltr'>ἐι</span> <span class='ocrx_word' id='word_1_339' title='bbox 1026 2763 1078 2786; x_wconf 87' lang='lat' dir='ltr'>scs</span> <span class='ocrx_word' id='word_1_340' title='bbox 1093 2751 1305 2785; x_wconf 80' lang='lat' dir='ltr'>sentinicnts</span> <span class='ocrx_word' id='word_1_341' title='bbox 1321 2748 1496 2795; x_wconf 77' lang='lat' dir='ltr'>religieux</span> 
     </span>
     <span class='ocr_line' id='line_1_37' title="bbox 91 2807 1377 2857; baseline -0.005 -12"><span class='ocrx_word' id='word_1_342' title='bbox 91 2819 125 2845; x_wconf 71' lang='lat' dir='ltr'>ct</span> <span class='ocrx_word' id='word_1_343' title='bbox 147 2814 164 2846; x_wconf 68' lang='lat' dir='ltr'>{i</span> <span class='ocrx_word' id='word_1_344' title='bbox 186 2824 238 2846; x_wconf 80' lang='lat' dir='ltr'>scs</span> <span class='ocrx_word' id='word_1_345' title='bbox 257 2819 450 2854; x_wconf 71' lang='lat' dir='ltr'>serments⁷</span> <span class='ocrx_word' id='word_1_346' title='bbox 471 2825 563 2857; x_wconf 78' lang='lat' dir='ltr'>pour</span> <span class='ocrx_word' id='word_1_347' title='bbox 582 2812 612 2846; x_wconf 78' lang='grc'><strong>18</strong></span> <span class='ocrx_word' id='word_1_348' title='bbox 633 2811 769 2845; x_wconf 75' lang='lat' dir='ltr'>rctenii·</span> <span class='ocrx_word' id='word_1_349' title='bbox 787 2821 867 2845; x_wconf 75' lang='lat' dir='ltr'>sous</span> <span class='ocrx_word' id='word_1_350' title='bbox 888 2809 936 2844; x_wconf 83' lang='lat' dir='ltr'>lcs</span> <span class='ocrx_word' id='word_1_351' title='bbox 956 2809 1135 2855; x_wconf 72' lang='lat' dir='ltr'>drapcaux</span> <span class='ocrx_word' id='word_1_352' title='bbox 1156 2807 1199 2842; x_wconf 84' lang='lat' dir='ltr'>dc</span> <span class='ocrx_word' id='word_1_353' title='bbox 1217 2807 1248 2841; x_wconf 73' lang='lat' dir='ltr'>la</span> <span class='ocrx_word' id='word_1_354' title='bbox 1267 2807 1377 2841; x_wconf 73' lang='lat' dir='ltr'>croix.</span> 
     </span>
    </p>
   </div>
  </div>
 </body>
</html>
