2033 3445
35 329 166 380 [1087]
511 324 663 362 LIBER
692 322 958 360 SEPTIMUS.
1365 324 1441 361 ‘223

33 413 331 459 Normannos
350 409 710 464 subsannantes,
739 407 989 454 immodice
1010 407 1279 471 turgebant.
1307 409 1442 455 Unde

32 489 277 539 bellicosus
316 503 399 533 rex
431 487 719 533 Guillermus
747 484 1051 531 vehementer
1092 485 1253 539 iratus,
1295 496 1440 531 totam

32 567 348 616 vulcassinam
379 564 672 627 provinciam
702 563 980 609 calumniari
1014 563 1187 626 coepit,
1219 563 1441 610 Pontisa-

33 645 148 691 riam
172 644 240 704 (i)
271 653 317 688 et
349 642 694 688 calvimontem
729 641 798 703 (23
825 651 964 705 atque
996 639 1273 685 'Madantum
1309 640 1439 686 reddi

34 720 116 768 sibi
143 739 167 766 a
195 718 414 782 Philippo
437 719 731 764 Francorum
757 734 867 782 rege
891 717 1164 782 requisivit,
1192 728 1238 763 et
1265 718 1349 763 nisi
1368 719 1443 782 jus

34 816 164 845 suum
182 797 268 843 sibi
288 796 530 853 reddatur,
553 795 779 841 terribilis
802 796 943 841 minis
964 795 1009 840 in
1033 794 1188 841 hostes
1207 794 1438 842 evehitur.

33 878 168 924 Ratio
190 875 436 922 calumniae
461 873 725 938 hujusmodi
754 885 839 920 est.

96 953 284 1018 [1052]
324 952 424 998 Rex
457 953 718 1010 Henricus,
751 951 948 998 Roberti
989 952 1111 1015 regis
1148 951 1441 998 Francorum

33 1032 165 1084 filius,
180 1031 294 1077 dum
309 1041 413 1094 post
428 1041 631 1077 mortem
651 1031 914 1094 patrisjure
927 1030 1233 1093 primogeniti
1249 1029 1440 1076 deberet

34 1109 238 1157 redimiri
262 1109 397 1172 regni
423 1108 642 1165 fascibus,
671 1108 751 1155 sed
771 1128 795 1154 a
815 1109 976 1172 regina
1000 1109 1271 1154 Constantia
1293 1119 1444 1153 matre.

32 1206 106 1234 sua
120 1187 357 1234 novercali
372 1187 482 1234 odio
496 1188 841 1251 insequeretur,
856 1187 991 1251 eique
1006 1187 1101 1249 ipsa
1118 1187 1164 1232 in
1180 1203 1329 1250 regno
1342 1187 1445 1233 Gal-

33 1265 186 1312 lorum
197 1280 479 1328 praeponere
490 1263 754 1310 Robertum
764 1263 957 1309 fratrem
976 1280 1129 1318 suum,
1146 1262 1312 1309 ducem
1325 1264 1443 1309 Bur-

31 1341 346 1406 gundionum,
368 1352 639 1396 conaretur,
668 1341 889 1387 consultu
915 1340 1141 1386 Amalrici
1168 1341 1364 1387 senioris
1388 1340 1444 1386 de

30 1418 348 1465 Monte-Porti
371 1419 465 1482 (5),
489 1417 572 1464 filii
595 1417 835 1464 Guillelmi
853 1418 1137 1474 Hanoensis,
1161 1417 1444 1463 Fiscannum

30 1515 137 1542 cum
164 1514 231 1543 ΧΠ
262 1495 539 1542 satellitibus
567 1496 697 1542 venit
719 1497 814 1558 (4),
843 1506 890 1541 et
912 1495 1178 1542 Robertum
1202 1495 1444 1542 Norman—

31 1573 119 1618 niae
143 1573 333 1629 ducem,
365 1584 416 1618 ut
439 1572 525 1618 sibi
553 1582 764 1618 materna
789 1571 950 1618 fraude
973 1571 1309 1618 miserabiliter
1330 1590 1444 1619 exu-

30 1650 142 1696 lanti
178 1649 476 1707 subveniret,
517 1649 760 1695 humiliter
795 1649 1006 1713 expetiit.
1043 1649 1192 1709 Quem
1226 1652 1444 1713 praesatus

29 1726 120 1773 dux
138 1764 150 1783 ‚
189 1738 353 1791 utpote
389 1728 651 1773 naturalem
689 1725 938 1773 dominum
981 1745 1143 1784 suum,
1182 1726 1444 1774 liberaliter

31 1806 251 1870 suscepit,
290 1817 336 1852 et
366 1822 524 1852 secum
548 1804 699 1852 donec
724 1805 956 1851 Pasclialis
979 1807 1202 1852 festivitas
1227 1807 1444 1869 explere-

33 1893 124 1940 tur,
143 1894 386 1947 gratanter
402 1883 623 1929 detinuit.
645 1882 824 1929 Deinde
845 1884 1237 1930 Rormani-iorum
1257 1885 1441 1948 agmina

30 1957 234 2025 undique
256 1961 556 2025 aggregavit,
584 1960 863 2006 acerrimam
889 1959 1238 2024 expeditionem
1268 1961 1314 2007 in
1339 1962 1446 2007 Gal—

33 2034 140 2082 liam
155 2035 287 2092 fecit,
310 2048 357 2083 et
377 2036 764 2083 Aurelianensem
787 2035 954 2082 urbem
969 2073 980 2092 ,
1004 2036 1330 2083 Normannico
1350 2038 1443 2083 im-

33 2124 138 2176 petu
178 2115 334 2180 ignem
371 2116 656 2170 immittens,
696 2114 922 2162 incendit.
952 2116 1145 2162 Damnis
1174 2117 1330 2181 itaque
1366 2118 1443 2163 in-

33 2191 427 2255 comparabilibus
455 2193 827 2239 cervicositatem
859 2192 1154 2239 Francorum
1187 2195 1439 2258 compegit.

33 2265 205 2327 Quibus
229 2271 470 2324 coercitis,
500 2271 737 2334 repulsum
766 2271 987 2317 clitonem
1018 2288 1166 2335 regno
1195 2290 1278 2318 suo
1302 2273 1442 2318 resti—

76 2471 124 2516 (1)
150 2472 199 2508 Ce
223 2480 300 2508 mot
325 2481 377 2508 est
401 2474 631 2509 visiblement
657 2474 824 2521 fabrique
843 2474 983 2521 &apri-s
1006 2474 1038 2509 le
1065 2487 1148 2509 noni
1174 2475 1345 2522 srancais,
1373 2489 1443 2523 qne

34 2537 134 2566 notre
151 2539 281 2567 auteur
299 2546 343 2568 ne
362 2534 444 2568 s’est
460 2546 523 2580 pas
541 2534 663 2569 donne
683 2534 712 2568 la
735 2535 842 2581 peine
860 2534 905 2569 de
924 2535 1172 2582 decomposcr.

76 2591 126 2634 (2)
145 2591 357 2627 Chaumout
375 2605 420 2627 en
441 2594 574 2628 Yexiu.

79 2647 128 2695 (5)
145 2651 315 2695 Amauri,
335 2653 526 2689 deuxieme
546 2653 593 2688 du
618 2666 722 2696 noni,
750 2655 920 2701 seigneur
942 2655 986 2689 de
1011 2655 1384 2691 Montfort-I’Amauri
1408 2663 1441 2688 ct

36 2700 256 2755 ‹l'Epernon,
279 2712 325 2745 (ln
345 2713 433 2747 chef
447 2713 492 2748 de
511 2725 545 2748 sa
564 2715 673 2749 merc.

80 2770 129 2814 (4)
145 2770 195 2805 Cc
211 2783 346 2819 voyage
363 2773 406 2806 dn
422 2774 535 2808 chri
555 2774 598 2807 Γ*
616 2775 633 2807 a
650 2774 806 2820 Fecamp
824 2782 885 2809 eut
905 2775 974 2809 lieu
993 2787 1036 2808 an
1055 2776 1143 2809 mois
1160 2775 1204 2808 do
1220 2787 1313 2808 mars
1337 2772 1439 2809 1032.

36 2826 170 2873 Paques
189 2831 352 2865 tombant
372 2839 465 2867 cotto
485 2833 651 2867 annec-la
674 2833 704 2867 lc
724 2846 743 2867 9.
762 2834 862 2867 avril.
