<?xml version="1.0" encoding="UTF-8"?>
<!DOCTYPE html PUBLIC "-//W3C//DTD XHTML 1.0 Transitional//EN"
    "http://www.w3.org/TR/xhtml1/DTD/xhtml1-transitional.dtd">
<html xmlns="http://www.w3.org/1999/xhtml" xml:lang="en" lang="en">
 <head>
  <title>
</title>
<meta http-equiv="Content-Type" content="text/html;charset=utf-8" />
  <meta name='ocr-system' content='tesseract 3.04.00' />
  <meta name='ocr-capabilities' content='ocr_page ocr_carea ocr_par ocr_line ocrx_word'/>
</head>
<body>
  <div class='ocr_page' id='page_1' title='image "./ordericivitalish03ordeuoft/ordericivitalish03ordeuoft_0678.png"; bbox 0 0 2085 3455; ppageno 0'>
   <div class='ocr_carea' id='block_1_1' title="bbox 565 320 1978 376">
    <p class='ocr_par' dir='ltr' id='par_1_1' title="bbox 565 320 1978 376">
     <span class='ocr_line' id='line_1_1' title="bbox 565 320 1978 376; baseline 0.001 -14"><span class='ocrx_word' id='word_1_1' title='bbox 565 323 643 362; x_wconf 75' lang='lat'>548</span> <span class='ocrx_word' id='word_1_2' title='bbox 931 322 1176 360; x_wconf 80' lang='lat' dir='ltr'>HISTORIA</span> <span class='ocrx_word' id='word_1_3' title='bbox 1206 320 1611 360; x_wconf 77' lang='lat' dir='ltr'><strong>ECCLESIASTICA.</strong></span> <span class='ocrx_word' id='word_1_4' title='bbox 1710 327 1835 373; x_wconf 69' lang='lat' dir='ltr'>[sumo</span> <span class='ocrx_word' id='word_1_5' title='bbox 1860 327 1978 376; x_wconf 77' lang='lat'>1098]</span> 
     </span>
    </p>
   </div>
   <div class='ocr_carea' id='block_1_2' title="bbox 554 408 1985 2575">
    <p class='ocr_par' dir='ltr' id='par_1_2' title="bbox 565 408 1977 612">
     <span class='ocr_line' id='line_1_2' title="bbox 565 408 1976 472; baseline 0 -15"><span class='ocrx_word' id='word_1_6' title='bbox 565 412 669 457; x_wconf 84' lang='lat' dir='ltr'>lites</span> <span class='ocrx_word' id='word_1_7' title='bbox 684 409 897 467; x_wconf 84' lang='lat' dir='ltr'>haberet,</span> <span class='ocrx_word' id='word_1_8' title='bbox 921 408 978 456; x_wconf 89' lang='lat' dir='ltr'>de</span> <span class='ocrx_word' id='word_1_9' title='bbox 997 410 1023 455; x_wconf 88' lang='lat' dir='ltr'>J</span> <span class='ocrx_word' id='word_1_10' title='bbox 1027 409 1394 472; x_wconf 64' lang='lat' dir='ltr'>erosolymitano</span> <span class='ocrx_word' id='word_1_11' title='bbox 1418 410 1585 456; x_wconf 84' lang='lat' dir='ltr'>itinere</span> <span class='ocrx_word' id='word_1_12' title='bbox 1606 427 1702 457; x_wconf 81' lang='lat' dir='ltr'>non</span> <span class='ocrx_word' id='word_1_13' title='bbox 1722 410 1976 457; x_wconf 83' lang='lat' dir='ltr'><strong>recederet.</strong></span> 
     </span>
     <span class='ocr_line' id='line_1_3' title="bbox 566 485 1977 550; baseline -0.001 -17"><span class='ocrx_word' id='word_1_14' title='bbox 566 487 856 533; x_wconf 81' lang='lat' dir='ltr'>Christianos</span> <span class='ocrx_word' id='word_1_15' title='bbox 897 502 1011 550; x_wconf 76' lang='lat' dir='ltr'>ergo</span> <span class='ocrx_word' id='word_1_16' title='bbox 1052 485 1153 532; x_wconf 81' lang='lat' dir='ltr'>haec</span> <span class='ocrx_word' id='word_1_17' title='bbox 1192 486 1438 549; x_wconf 81' lang='lat' dir='ltr'>inspiratio</span> <span class='ocrx_word' id='word_1_18' title='bbox 1485 486 1689 532; x_wconf 81' lang='lat' dir='ltr'>multum</span> <span class='ocrx_word' id='word_1_19' title='bbox 1727 486 1977 543; x_wconf 87' lang='lat' dir='ltr'>animavit,</span> 
     </span>
     <span class='ocr_line' id='line_1_4' title="bbox 566 563 1288 612; baseline -0.006 0"><span class='ocrx_word' id='word_1_20' title='bbox 566 564 898 612; x_wconf 74' lang='lat' dir='ltr'>corroboravit</span> <span class='ocrx_word' id='word_1_21' title='bbox 921 574 968 610; x_wconf 86' lang='lat' dir='ltr'>et</span> <span class='ocrx_word' id='word_1_22' title='bbox 991 563 1288 610; x_wconf 83' lang='lat' dir='ltr'>exhilaravit.</span> 
     </span>
    </p>

    <p class='ocr_par' dir='ltr' id='par_1_3' title="bbox 554 640 1985 2575">
     <span class='ocr_line' id='line_1_5' title="bbox 629 640 1981 706; baseline 0 -17"><span class='ocrx_word' id='word_1_23' title='bbox 629 645 794 690; x_wconf 82' lang='lat' dir='ltr'>Petrus</span> <span class='ocrx_word' id='word_1_24' title='bbox 814 641 1079 699; x_wconf 82' lang='lat' dir='ltr'>Abraham,</span> <span class='ocrx_word' id='word_1_25' title='bbox 1101 640 1294 706; x_wconf 86' lang='lat' dir='ltr'>quidam</span> <span class='ocrx_word' id='word_1_26' title='bbox 1315 642 1512 688; x_wconf 87' lang='lat' dir='ltr'>clericus</span> <span class='ocrx_word' id='word_1_27' title='bbox 1530 640 1587 688; x_wconf 90' lang='lat' dir='ltr'>de</span> <span class='ocrx_word' id='word_1_28' title='bbox 1604 642 1853 688; x_wconf 80' lang='lat' dir='ltr'>Provincia</span> <span class='ocrx_word' id='word_1_29' title='bbox 1867 678 1879 699; x_wconf 93' lang='lat'><strong><em>‚</em></strong></span> <span class='ocrx_word' id='word_1_30' title='bbox 1904 659 1981 689; x_wconf 92' lang='lat' dir='ltr'>co-</span> 
     </span>
     <span class='ocr_line' id='line_1_6' title="bbox 562 719 1982 784; baseline -0.001 -16"><span class='ocrx_word' id='word_1_31' title='bbox 562 721 758 768; x_wconf 80' lang='lat' dir='ltr'>mitibus</span> <span class='ocrx_word' id='word_1_32' title='bbox 782 722 874 767; x_wconf 87' lang='lat' dir='ltr'>suis</span> <span class='ocrx_word' id='word_1_33' title='bbox 897 719 1128 767; x_wconf 76' lang='lat' dir='ltr'>visionem</span> <span class='ocrx_word' id='word_1_34' title='bbox 1160 719 1428 784; x_wconf 86' lang='lat' dir='ltr'>hujusmodi</span> <span class='ocrx_word' id='word_1_35' title='bbox 1462 719 1627 765; x_wconf 86' lang='lat' dir='ltr'>retulit</span> <span class='ocrx_word' id='word_1_36' title='bbox 1654 739 1663 764; x_wconf 91' lang='lat'><strong>:</strong></span> <span class='ocrx_word' id='word_1_37' title='bbox 1697 719 1821 765; x_wconf 77' lang='lat' dir='ltr'>Cum</span> <span class='ocrx_word' id='word_1_38' title='bbox 1851 719 1982 766; x_wconf 83' lang='lat' dir='ltr'>obsi-</span> 
     </span>
     <span class='ocr_line' id='line_1_7' title="bbox 563 795 1981 863; baseline -0.003 -16"><span class='ocrx_word' id='word_1_39' title='bbox 563 801 771 857; x_wconf 73' lang='lat' dir='ltr'>deretur,</span> <span class='ocrx_word' id='word_1_40' title='bbox 800 798 978 862; x_wconf 81' lang='lat' dir='ltr'>inquit,</span> <span class='ocrx_word' id='word_1_41' title='bbox 1012 797 1308 855; x_wconf 76' lang='lat' dir='ltr'>Antiochia,</span> <span class='ocrx_word' id='word_1_42' title='bbox 1325 795 1557 862; x_wconf 77' lang='lat' dir='ltr'>forisque</span> <span class='ocrx_word' id='word_1_43' title='bbox 1578 801 1716 862; x_wconf 62' lang='lat' dir='ltr'>gravi</span> <span class='ocrx_word' id='word_1_44' title='bbox 1732 815 1981 863; x_wconf 74' lang='lat' dir='ltr'>premere-</span> 
     </span>
     <span class='ocr_line' id='line_1_8' title="bbox 562 874 1981 940; baseline -0.002 -17"><span class='ocrx_word' id='word_1_45' title='bbox 562 896 671 923; x_wconf 76' lang='lat' dir='ltr'>mur</span> <span class='ocrx_word' id='word_1_46' title='bbox 737 894 831 939; x_wconf 70' lang='lat' dir='ltr'>ang</span> <span class='ocrx_word' id='word_1_47' title='bbox 841 894 891 921; x_wconf 61' lang='grc' dir='ltr'>ιι.)</span> <span class='ocrx_word' id='word_1_48' title='bbox 901 877 993 932; x_wconf 82' lang='lat' dir='ltr'>tia,</span> <span class='ocrx_word' id='word_1_49' title='bbox 1053 874 1433 939; x_wconf 75' lang='lat' dir='ltr'>multimodaque</span> <span class='ocrx_word' id='word_1_50' title='bbox 1483 878 1722 940; x_wconf 78' lang='lat' dir='ltr'>penuria,</span> <span class='ocrx_word' id='word_1_51' title='bbox 1787 887 1981 922; x_wconf 74' lang='lat' dir='ltr'>sanctus</span> 
     </span>
     <span class='ocr_line' id='line_1_9' title="bbox 561 951 1981 1017; baseline -0.003 -15"><span class='ocrx_word' id='word_1_52' title='bbox 561 955 789 1002; x_wconf 77' lang='lat' dir='ltr'>Andreas</span> <span class='ocrx_word' id='word_1_53' title='bbox 826 953 1072 1017; x_wconf 73' lang='lat' dir='ltr'>apostolus</span> <span class='ocrx_word' id='word_1_54' title='bbox 1101 951 1218 998; x_wconf 76' lang='lat' dir='ltr'>milti</span> <span class='ocrx_word' id='word_1_55' title='bbox 1257 954 1511 1016; x_wconf 77' lang='lat' dir='ltr'>apparuit,</span> <span class='ocrx_word' id='word_1_56' title='bbox 1542 971 1809 1016; x_wconf 77' lang='lat' dir='ltr'>nomenque</span> <span class='ocrx_word' id='word_1_57' title='bbox 1843 971 1981 1000; x_wconf 76' lang='lat' dir='ltr'>saum</span> 
     </span>
     <span class='ocr_line' id='line_1_10' title="bbox 563 1031 1981 1096; baseline -0.001 -16"><span class='ocrx_word' id='word_1_58' title='bbox 563 1033 881 1096; x_wconf 71' lang='lat' dir='ltr'>interroganti</span> <span class='ocrx_word' id='word_1_59' title='bbox 915 1032 1173 1087; x_wconf 75' lang='lat' dir='ltr'>intimavit,</span> <span class='ocrx_word' id='word_1_60' title='bbox 1218 1042 1261 1076; x_wconf 89' lang='lat' dir='ltr'>et</span> <span class='ocrx_word' id='word_1_61' title='bbox 1303 1032 1352 1077; x_wconf 88' lang='lat' dir='ltr'>in</span> <span class='ocrx_word' id='word_1_62' title='bbox 1387 1031 1641 1078; x_wconf 74' lang='lat' dir='ltr'>ecclesiam</span> <span class='ocrx_word' id='word_1_63' title='bbox 1678 1031 1850 1078; x_wconf 78' lang='lat' dir='ltr'>Sancti</span> <span class='ocrx_word' id='word_1_64' title='bbox 1887 1034 1981 1078; x_wconf 88' lang='lat' dir='ltr'>Pe-</span> 
     </span>
     <span class='ocr_line' id='line_1_11' title="bbox 562 1108 1985 1174; baseline -0.001 -17"><span class='ocrx_word' id='word_1_65' title='bbox 562 1113 625 1157; x_wconf 83' lang='lat' dir='ltr'>tri</span> <span class='ocrx_word' id='word_1_66' title='bbox 649 1112 742 1173; x_wconf 82' lang='lat'>(1),</span> <span class='ocrx_word' id='word_1_67' title='bbox 770 1128 878 1174; x_wconf 67' lang='lat' dir='ltr'>qliae</span> <span class='ocrx_word' id='word_1_68' title='bbox 905 1110 955 1155; x_wconf 90' lang='lat' dir='ltr'>in</span> <span class='ocrx_word' id='word_1_69' title='bbox 977 1108 1072 1155; x_wconf 73' lang='lat' dir='ltr'>liae</span> <span class='ocrx_word' id='word_1_70' title='bbox 1099 1108 1211 1155; x_wconf 73' lang='lat' dir='ltr'>urbe</span> <span class='ocrx_word' id='word_1_71' title='bbox 1234 1119 1303 1155; x_wconf 73' lang='lat' dir='ltr'>est</span> <span class='ocrx_word' id='word_1_72' title='bbox 1317 1147 1330 1166; x_wconf 81' lang='lat'>,</span> <span class='ocrx_word' id='word_1_73' title='bbox 1358 1109 1646 1156; x_wconf 68' lang='lat' dir='ltr'>introduxit.</span> <span class='ocrx_word' id='word_1_74' title='bbox 1674 1109 1845 1173; x_wconf 77' lang='lat' dir='ltr'>Ibique</span> <span class='ocrx_word' id='word_1_75' title='bbox 1867 1110 1985 1156; x_wconf 67' lang='lat' dir='ltr'>milii·</span> 
     </span>
     <span class='ocr_line' id='line_1_12' title="bbox 561 1185 1981 1252; baseline -0.001 -18"><span class='ocrx_word' id='word_1_76' title='bbox 561 1187 821 1252; x_wconf 77' lang='lat' dir='ltr'>quemdam</span> <span class='ocrx_word' id='word_1_77' title='bbox 853 1187 1010 1232; x_wconf 73' lang='lat' dir='ltr'>loc-imi</span> <span class='ocrx_word' id='word_1_78' title='bbox 1028 1185 1400 1243; x_wconf 75' lang='lat' dir='ltr'>demonstrans,</span> <span class='ocrx_word' id='word_1_79' title='bbox 1429 1185 1557 1231; x_wconf 69' lang='lat' dir='ltr'>dixit</span> <span class='ocrx_word' id='word_1_80' title='bbox 1586 1204 1597 1231; x_wconf 92' lang='lat'>.·</span> <span class='ocrx_word' id='word_1_81' title='bbox 1628 1185 1831 1232; x_wconf 91' lang='lat' dir='ltr'>Noveris</span> <span class='ocrx_word' id='word_1_82' title='bbox 1870 1187 1981 1234; x_wconf 86' lang='lat' dir='ltr'>volo</span> 
     </span>
     <span class='ocr_line' id='line_1_13' title="bbox 559 1261 1980 1330; baseline -0.002 -18"><span class='ocrx_word' id='word_1_83' title='bbox 559 1265 787 1330; x_wconf 84' lang='lat' dir='ltr'>quoniam</span> <span class='ocrx_word' id='word_1_84' title='bbox 806 1300 818 1321; x_wconf 87' lang='lat'>,</span> <span class='ocrx_word' id='word_1_85' title='bbox 844 1273 1097 1327; x_wconf 79' lang='lat' dir='ltr'>postquam</span> <span class='ocrx_word' id='word_1_86' title='bbox 1121 1261 1242 1309; x_wconf 87' lang='lat' dir='ltr'>hanc</span> <span class='ocrx_word' id='word_1_87' title='bbox 1266 1261 1438 1309; x_wconf 88' lang='lat' dir='ltr'>urbem</span> <span class='ocrx_word' id='word_1_88' title='bbox 1471 1262 1745 1321; x_wconf 80' lang='lat' dir='ltr'>intraveris,</span> <span class='ocrx_word' id='word_1_89' title='bbox 1774 1263 1851 1310; x_wconf 89' lang='lat' dir='ltr'>hic</span> <span class='ocrx_word' id='word_1_90' title='bbox 1874 1264 1980 1310; x_wconf 86' lang='lat' dir='ltr'>lan-</span> 
     </span>
     <span class='ocr_line' id='line_1_14' title="bbox 559 1340 1980 1406; baseline -0.001 -16"><span class='ocrx_word' id='word_1_91' title='bbox 559 1360 689 1391; x_wconf 86' lang='lat' dir='ltr'>ceam</span> <span class='ocrx_word' id='word_1_92' title='bbox 719 1341 953 1398; x_wconf 86' lang='lat' dir='ltr'>invenies,</span> <span class='ocrx_word' id='word_1_93' title='bbox 979 1358 1085 1406; x_wconf 85' lang='lat' dir='ltr'>quae</span> <span class='ocrx_word' id='word_1_94' title='bbox 1110 1341 1228 1387; x_wconf 89' lang='lat' dir='ltr'>latus</span> <span class='ocrx_word' id='word_1_95' title='bbox 1257 1340 1451 1387; x_wconf 90' lang='lat' dir='ltr'>Domini</span> <span class='ocrx_word' id='word_1_96' title='bbox 1483 1341 1740 1388; x_wconf 69' lang='lat' dir='ltr'>Salvatoris</span> <span class='ocrx_word' id='word_1_97' title='bbox 1767 1342 1813 1387; x_wconf 93' lang='lat' dir='ltr'>in</span> <span class='ocrx_word' id='word_1_98' title='bbox 1842 1358 1980 1388; x_wconf 87' lang='lat' dir='ltr'>cruce</span> 
     </span>
     <span class='ocr_line' id='line_1_15' title="bbox 558 1417 1978 1485; baseline -0.002 -18"><span class='ocrx_word' id='word_1_99' title='bbox 558 1418 833 1485; x_wconf 78' lang='lat' dir='ltr'>perforavit.</span> <span class='ocrx_word' id='word_1_100' title='bbox 861 1419 962 1465; x_wconf 92' lang='lat' dir='ltr'>Hoc</span> <span class='ocrx_word' id='word_1_101' title='bbox 986 1418 1235 1464; x_wconf 87' lang='lat' dir='ltr'>munimen</span> <span class='ocrx_word' id='word_1_102' title='bbox 1257 1428 1607 1464; x_wconf 86' lang='lat' dir='ltr'>sacrosanctum</span> <span class='ocrx_word' id='word_1_103' title='bbox 1630 1428 1722 1476; x_wconf 87' lang='lat' dir='ltr'>est,</span> <span class='ocrx_word' id='word_1_104' title='bbox 1750 1429 1797 1464; x_wconf 85' lang='lat' dir='ltr'>et</span> <span class='ocrx_word' id='word_1_105' title='bbox 1820 1417 1978 1465; x_wconf 87' lang='lat' dir='ltr'>Chris-</span> 
     </span>
     <span class='ocr_line' id='line_1_16' title="bbox 559 1495 1976 1562; baseline -0.001 -17"><span class='ocrx_word' id='word_1_106' title='bbox 559 1499 697 1545; x_wconf 85' lang='lat' dir='ltr'>tianis</span> <span class='ocrx_word' id='word_1_107' title='bbox 739 1497 1004 1562; x_wconf 83' lang='lat' dir='ltr'>specialiter</span> <span class='ocrx_word' id='word_1_108' title='bbox 1038 1495 1422 1560; x_wconf 83' lang='lat' dir='ltr'>amplectendum</span> <span class='ocrx_word' id='word_1_109' title='bbox 1456 1506 1541 1542; x_wconf 89' lang='lat' dir='ltr'>est.</span> <span class='ocrx_word' id='word_1_110' title='bbox 1583 1497 1673 1542; x_wconf 68' lang='lat' dir='ltr'>His</span> <span class='ocrx_word' id='word_1_111' title='bbox 1710 1499 1778 1543; x_wconf 80' lang='lat' dir='ltr'>ita</span> <span class='ocrx_word' id='word_1_112' title='bbox 1810 1497 1976 1553; x_wconf 74' lang='lat' dir='ltr'>dictis,</span> 
     </span>
     <span class='ocr_line' id='line_1_17' title="bbox 557 1574 1979 1643; baseline -0.001 -20"><span class='ocrx_word' id='word_1_113' title='bbox 557 1576 808 1643; x_wconf 72' lang='lat' dir='ltr'>apostolus</span> <span class='ocrx_word' id='word_1_114' title='bbox 833 1575 1080 1639; x_wconf 72' lang='lat' dir='ltr'>disparuit</span> <span class='ocrx_word' id='word_1_115' title='bbox 1094 1611 1107 1631; x_wconf 86' lang='lat'>,</span> <span class='ocrx_word' id='word_1_116' title='bbox 1135 1585 1179 1619; x_wconf 83' lang='lat' dir='ltr'>et</span> <span class='ocrx_word' id='word_1_117' title='bbox 1198 1575 1396 1632; x_wconf 85' lang='lat' dir='ltr'>nemini,</span> <span class='ocrx_word' id='word_1_118' title='bbox 1425 1592 1535 1637; x_wconf 78' lang='lat' dir='ltr'>quce</span> <span class='ocrx_word' id='word_1_119' title='bbox 1554 1574 1776 1620; x_wconf 78' lang='lat' dir='ltr'>videram</span> <span class='ocrx_word' id='word_1_120' title='bbox 1791 1593 1979 1640; x_wconf 76' lang='lat' dir='ltr'>propa-</span> 
     </span>
     <span class='ocr_line' id='line_1_18' title="bbox 557 1650 1979 1718; baseline -0.002 -18"><span class='ocrx_word' id='word_1_121' title='bbox 557 1653 695 1702; x_wconf 82' lang='lat' dir='ltr'>landi</span> <span class='ocrx_word' id='word_1_122' title='bbox 712 1692 727 1712; x_wconf 87' lang='lat'>,</span> <span class='ocrx_word' id='word_1_123' title='bbox 748 1653 947 1718; x_wconf 75' lang='lat' dir='ltr'>fiducia</span> <span class='ocrx_word' id='word_1_124' title='bbox 976 1651 1096 1696; x_wconf 74' lang='lat' dir='ltr'>inihi</span> <span class='ocrx_word' id='word_1_125' title='bbox 1108 1650 1236 1714; x_wconf 74' lang='lat' dir='ltr'>sicit.</span> <span class='ocrx_word' id='word_1_126' title='bbox 1272 1651 1435 1715; x_wconf 79' lang='lat' dir='ltr'>Capta</span> <span class='ocrx_word' id='word_1_127' title='bbox 1462 1651 1748 1697; x_wconf 75' lang='lat' dir='ltr'>autemurbe</span> <span class='ocrx_word' id='word_1_128' title='bbox 1761 1689 1777 1708; x_wconf 97' lang='lat'>,</span> <span class='ocrx_word' id='word_1_129' title='bbox 1812 1653 1979 1698; x_wconf 71' lang='lat' dir='ltr'>iteruin</span> 
     </span>
     <span class='ocr_line' id='line_1_19' title="bbox 557 1728 1974 1796; baseline -0.004 -17"><span class='ocrx_word' id='word_1_130' title='bbox 557 1732 773 1779; x_wconf 80' lang='lat' dir='ltr'>eumdem</span> <span class='ocrx_word' id='word_1_131' title='bbox 791 1730 1067 1796; x_wconf 71' lang='lat' dir='ltr'>apostolum</span> <span class='ocrx_word' id='word_1_132' title='bbox 1087 1729 1205 1775; x_wconf 81' lang='lat' dir='ltr'>vidi.</span> <span class='ocrx_word' id='word_1_133' title='bbox 1227 1728 1407 1788; x_wconf 81' lang='lat' dir='ltr'>Quare,</span> <span class='ocrx_word' id='word_1_134' title='bbox 1437 1730 1614 1792; x_wconf 77' lang='lat' dir='ltr'>inquit,</span> <span class='ocrx_word' id='word_1_135' title='bbox 1639 1729 1974 1793; x_wconf 83' lang='lat' dir='ltr'>pusillanimis,</span> 
     </span>
     <span class='ocr_line' id='line_1_20' title="bbox 557 1805 1978 1871; baseline -0.001 -15"><span class='ocrx_word' id='word_1_136' title='bbox 557 1811 766 1857; x_wconf 85' lang='lat' dir='ltr'>lanceam</span> <span class='ocrx_word' id='word_1_137' title='bbox 808 1825 906 1855; x_wconf 89' lang='lat' dir='ltr'>non</span> <span class='ocrx_word' id='word_1_138' title='bbox 946 1805 1208 1853; x_wconf 82' lang='lat' dir='ltr'>abstulisti?</span> <span class='ocrx_word' id='word_1_139' title='bbox 1243 1808 1311 1853; x_wconf 85' lang='lat' dir='ltr'>Et</span> <span class='ocrx_word' id='word_1_140' title='bbox 1343 1824 1431 1871; x_wconf 79' lang='lat' dir='ltr'>ego</span> <span class='ocrx_word' id='word_1_141' title='bbox 1475 1826 1484 1852; x_wconf 89' lang='lat'><em>:</em></span> <span class='ocrx_word' id='word_1_142' title='bbox 1522 1808 1751 1864; x_wconf 84' lang='lat' dir='ltr'>Domine,</span> <span class='ocrx_word' id='word_1_143' title='bbox 1797 1809 1830 1853; x_wconf 91' lang='lat' dir='ltr'>si</span> <span class='ocrx_word' id='word_1_144' title='bbox 1871 1807 1978 1854; x_wconf 81' lang='lat' dir='ltr'>inde</span> 
     </span>
     <span class='ocr_line' id='line_1_21' title="bbox 558 1882 1980 1953; baseline -0.002 -18"><span class='ocrx_word' id='word_1_145' title='bbox 558 1890 798 1953; x_wconf 87' lang='lat' dir='ltr'>loquerer,</span> <span class='ocrx_word' id='word_1_146' title='bbox 845 1886 949 1951; x_wconf 82' lang='lat' dir='ltr'>quis</span> <span class='ocrx_word' id='word_1_147' title='bbox 993 1884 1114 1931; x_wconf 83' lang='lat' dir='ltr'>mihi</span> <span class='ocrx_word' id='word_1_148' title='bbox 1162 1882 1409 1932; x_wconf 81' lang='lat' dir='ltr'>crederet?</span> <span class='ocrx_word' id='word_1_149' title='bbox 1442 1884 1552 1931; x_wconf 80' lang='lat' dir='ltr'>Noli</span> <span class='ocrx_word' id='word_1_150' title='bbox 1588 1885 1862 1948; x_wconf 86' lang='lat' dir='ltr'>desperare,</span> <span class='ocrx_word' id='word_1_151' title='bbox 1911 1890 1980 1932; x_wconf 76' lang='lat' dir='ltr'>ait</span> 
     </span>
     <span class='ocr_line' id='line_1_22' title="bbox 555 1961 1974 2029; baseline -0.004 -16"><span class='ocrx_word' id='word_1_152' title='bbox 555 1965 824 2029; x_wconf 75' lang='lat' dir='ltr'>apostolus,</span> <span class='ocrx_word' id='word_1_153' title='bbox 848 1964 946 2010; x_wconf 88' lang='lat' dir='ltr'>noli</span> <span class='ocrx_word' id='word_1_154' title='bbox 970 1961 1242 2026; x_wconf 81' lang='lat' dir='ltr'>desperare3</span> <span class='ocrx_word' id='word_1_155' title='bbox 1267 1961 1345 2008; x_wconf 86' lang='lat' dir='ltr'>sed</span> <span class='ocrx_word' id='word_1_156' title='bbox 1362 1962 1479 2008; x_wconf 79' lang='lat' dir='ltr'>scito</span> <span class='ocrx_word' id='word_1_157' title='bbox 1504 1979 1592 2025; x_wconf 88' lang='lat' dir='ltr'>pro</span> <span class='ocrx_word' id='word_1_158' title='bbox 1612 1973 1768 2018; x_wconf 83' lang='lat' dir='ltr'>certo,</span> <span class='ocrx_word' id='word_1_159' title='bbox 1792 1973 1845 2008; x_wconf 84' lang='lat' dir='ltr'>ut</span> <span class='ocrx_word' id='word_1_160' title='bbox 1859 1961 1974 2019; x_wconf 84' lang='lat' dir='ltr'>dixi,</span> 
     </span>
     <span class='ocr_line' id='line_1_23' title="bbox 557 2040 1976 2109; baseline -0.003 -19"><span class='ocrx_word' id='word_1_161' title='bbox 557 2044 739 2109; x_wconf 87' lang='lat' dir='ltr'>tibique</span> <span class='ocrx_word' id='word_1_162' title='bbox 769 2042 1116 2097; x_wconf 85' lang='lat' dir='ltr'>demonstravi,</span> <span class='ocrx_word' id='word_1_163' title='bbox 1143 2040 1303 2087; x_wconf 88' lang='lat' dir='ltr'>omnia</span> <span class='ocrx_word' id='word_1_164' title='bbox 1331 2057 1438 2086; x_wconf 62' lang='lat' dir='ltr'>vera</span> <span class='ocrx_word' id='word_1_165' title='bbox 1465 2056 1576 2086; x_wconf 90' lang='lat' dir='ltr'>esse.</span> <span class='ocrx_word' id='word_1_166' title='bbox 1606 2041 1717 2086; x_wconf 84' lang='lat' dir='ltr'>Haec</span> <span class='ocrx_word' id='word_1_167' title='bbox 1747 2041 1976 2086; x_wconf 87' lang='lat' dir='ltr'>nimirum</span> 
     </span>
     <span class='ocr_line' id='line_1_24' title="bbox 556 2117 1978 2183; baseline -0.004 -14"><span class='ocrx_word' id='word_1_168' title='bbox 556 2122 783 2169; x_wconf 78' lang='lat' dir='ltr'>revelatio</span> <span class='ocrx_word' id='word_1_169' title='bbox 818 2121 1024 2166; x_wconf 87' lang='lat' dir='ltr'>multum</span> <span class='ocrx_word' id='word_1_170' title='bbox 1057 2119 1260 2183; x_wconf 66' lang='lat' dir='ltr'>fatigatis</span> <span class='ocrx_word' id='word_1_171' title='bbox 1297 2117 1515 2182; x_wconf 82' lang='lat' dir='ltr'>proderit</span> <span class='ocrx_word' id='word_1_172' title='bbox 1549 2117 1855 2175; x_wconf 76' lang='lat' dir='ltr'>Christianis,</span> <span class='ocrx_word' id='word_1_173' title='bbox 1898 2129 1978 2164; x_wconf 84' lang='lat' dir='ltr'>ut—</span> 
     </span>
     <span class='ocr_line' id='line_1_25' title="bbox 555 2194 1972 2264; baseline -0.004 -17"><span class='ocrx_word' id='word_1_174' title='bbox 555 2211 668 2263; x_wconf 84' lang='lat' dir='ltr'>pote</span> <span class='ocrx_word' id='word_1_175' title='bbox 693 2198 864 2264; x_wconf 85' lang='lat' dir='ltr'>quibus</span> <span class='ocrx_word' id='word_1_176' title='bbox 899 2214 987 2261; x_wconf 90' lang='lat' dir='ltr'>pro</span> <span class='ocrx_word' id='word_1_177' title='bbox 1011 2197 1170 2243; x_wconf 84' lang='lat' dir='ltr'>lancea</span> <span class='ocrx_word' id='word_1_178' title='bbox 1198 2194 1405 2259; x_wconf 83' lang='lat' dir='ltr'>profluet</span> <span class='ocrx_word' id='word_1_179' title='bbox 1430 2194 1715 2242; x_wconf 84' lang='lat' dir='ltr'>confidentia</span> <span class='ocrx_word' id='word_1_180' title='bbox 1741 2196 1972 2243; x_wconf 79' lang='lat' dir='ltr'>salutaris.</span> 
     </span>
     <span class='ocr_line' id='line_1_26' title="bbox 554 2274 1978 2342; baseline -0.002 -17"><span class='ocrx_word' id='word_1_181' title='bbox 554 2279 680 2324; x_wconf 74' lang='lat' dir='ltr'>Infra</span> <span class='ocrx_word' id='word_1_182' title='bbox 705 2277 916 2342; x_wconf 82' lang='lat' dir='ltr'>quinque</span> <span class='ocrx_word' id='word_1_183' title='bbox 939 2275 1036 2322; x_wconf 72' lang='lat' dir='ltr'>(lies</span> <span class='ocrx_word' id='word_1_184' title='bbox 1063 2274 1272 2321; x_wconf 74' lang='lat' dir='ltr'>visitabit</span> <span class='ocrx_word' id='word_1_185' title='bbox 1296 2291 1373 2321; x_wconf 89' lang='lat' dir='ltr'>eos</span> <span class='ocrx_word' id='word_1_186' title='bbox 1402 2274 1658 2332; x_wconf 90' lang='lat' dir='ltr'>Dominus,</span> <span class='ocrx_word' id='word_1_187' title='bbox 1682 2286 1729 2321; x_wconf 89' lang='lat' dir='ltr'>et</span> <span class='ocrx_word' id='word_1_188' title='bbox 1755 2285 1978 2338; x_wconf 87' lang='lat' dir='ltr'>potenter</span> 
     </span>
     <span class='ocr_line' id='line_1_27' title="bbox 556 2349 1977 2416; baseline -0.002 -16"><span class='ocrx_word' id='word_1_189' title='bbox 556 2365 691 2401; x_wconf 86' lang='lat' dir='ltr'>eruet</span> <span class='ocrx_word' id='word_1_190' title='bbox 725 2371 803 2400; x_wconf 90' lang='lat' dir='ltr'>eos</span> <span class='ocrx_word' id='word_1_191' title='bbox 826 2371 850 2398; x_wconf 87' lang='lat' dir='ltr'>a</span> <span class='ocrx_word' id='word_1_192' title='bbox 876 2352 1265 2416; x_wconf 49' lang='lat' dir='ltr'>pe1*sequei‘1tium</span> <span class='ocrx_word' id='word_1_193' title='bbox 1299 2349 1535 2396; x_wconf 80' lang='lat' dir='ltr'>manibus.</span> <span class='ocrx_word' id='word_1_194' title='bbox 1566 2371 1590 2395; x_wconf 68' lang='grc' dir='ltr'>υ</span> <span class='ocrx_word' id='word_1_195' title='bbox 1620 2351 1785 2398; x_wconf 85' lang='lat' dir='ltr'>Petrus</span> <span class='ocrx_word' id='word_1_196' title='bbox 1820 2362 1977 2398; x_wconf 82' lang='lat' dir='ltr'>autem</span> 
     </span>
     <span class='ocr_line' id='line_1_28' title="bbox 558 2428 1977 2480; baseline -0.004 0"><span class='ocrx_word' id='word_1_197' title='bbox 558 2432 805 2480; x_wconf 84' lang='lat' dir='ltr'>consilium</span> <span class='ocrx_word' id='word_1_198' title='bbox 830 2430 920 2477; x_wconf 88' lang='lat' dir='ltr'>hoc</span> <span class='ocrx_word' id='word_1_199' title='bbox 941 2429 1029 2476; x_wconf 89' lang='lat' dir='ltr'>sibi</span> <span class='ocrx_word' id='word_1_200' title='bbox 1050 2429 1276 2475; x_wconf 81' lang='lat' dir='ltr'>divinitus</span> <span class='ocrx_word' id='word_1_201' title='bbox 1299 2429 1589 2475; x_wconf 78' lang='lat' dir='ltr'>insinuatum</span> <span class='ocrx_word' id='word_1_202' title='bbox 1610 2428 1862 2476; x_wconf 75' lang='lat' dir='ltr'>comitibus</span> <span class='ocrx_word' id='word_1_203' title='bbox 1885 2430 1977 2475; x_wconf 83' lang='lat' dir='ltr'>suis</span> 
     </span>
     <span class='ocr_line' id='line_1_29' title="bbox 557 2506 1974 2575; baseline -0.002 -18"><span class='ocrx_word' id='word_1_204' title='bbox 557 2509 792 2575; x_wconf 75' lang='lat' dir='ltr'>patefacit.</span> <span class='ocrx_word' id='word_1_205' title='bbox 834 2508 923 2556; x_wconf 87' lang='lat' dir='ltr'>Sed</span> <span class='ocrx_word' id='word_1_206' title='bbox 962 2509 1165 2573; x_wconf 87' lang='lat' dir='ltr'>populus</span> <span class='ocrx_word' id='word_1_207' title='bbox 1199 2506 1522 2565; x_wconf 83' lang='lat' dir='ltr'>discredebat,</span> <span class='ocrx_word' id='word_1_208' title='bbox 1565 2517 1610 2553; x_wconf 86' lang='lat' dir='ltr'>et</span> <span class='ocrx_word' id='word_1_209' title='bbox 1648 2507 1974 2554; x_wconf 79' lang='lat' dir='ltr'>testificantem</span> 
     </span>
    </p>
   </div>
   <div class='ocr_carea' id='block_1_3' title="bbox 1777 2642 1975 2647">
    <p class='ocr_par' dir='ltr' id='par_1_4' title="bbox 1777 2642 1975 2647">
     <span class='ocr_line' id='line_1_30' title="bbox 1777 2642 1975 2647; baseline 0 0"><span class='ocrx_word' id='word_1_210' title='bbox 1777 2642 1975 2647; x_wconf 95' lang='lat' dir='ltr'> </span> 
     </span>
    </p>
   </div>
   <div class='ocr_carea' id='block_1_4' title="bbox 554 2715 1974 2824">
    <p class='ocr_par' dir='ltr' id='par_1_5' title="bbox 554 2715 1974 2824">
     <span class='ocr_line' id='line_1_31' title="bbox 600 2715 1974 2764; baseline -0.002 -11"><span class='ocrx_word' id='word_1_211' title='bbox 600 2722 652 2762; x_wconf 83' lang='lat'>(1)</span> <span class='ocrx_word' id='word_1_212' title='bbox 674 2720 726 2754; x_wconf 87' lang='grc' dir='ltr'>Μ.</span> <span class='ocrx_word' id='word_1_213' title='bbox 750 2718 947 2764; x_wconf 82' lang='lat' dir='ltr'>Poujoulat</span> <span class='ocrx_word' id='word_1_214' title='bbox 969 2718 1024 2752; x_wconf 86' lang='lat' dir='ltr'>n&#39;a</span> <span class='ocrx_word' id='word_1_215' title='bbox 1046 2730 1097 2764; x_wconf 80' lang='lat' dir='ltr'>pu</span> <span class='ocrx_word' id='word_1_216' title='bbox 1115 2724 1264 2752; x_wconf 77' lang='lat' dir='ltr'>trouver</span> <span class='ocrx_word' id='word_1_217' title='bbox 1287 2728 1425 2750; x_wconf 83' lang='lat' dir='ltr'>aucuns</span> <span class='ocrx_word' id='word_1_218' title='bbox 1445 2716 1598 2762; x_wconf 72' lang='lat' dir='ltr'>vestiges</span> <span class='ocrx_word' id='word_1_219' title='bbox 1618 2715 1663 2750; x_wconf 87' lang='lat' dir='ltr'>de</span> <span class='ocrx_word' id='word_1_220' title='bbox 1684 2715 1974 2763; x_wconf 83' lang='lat' dir='ltr'>l&#39;emplacement</span> 
     </span>
     <span class='ocr_line' id='line_1_32' title="bbox 554 2775 1972 2824; baseline -0.004 -12"><span class='ocrx_word' id='word_1_221' title='bbox 554 2778 599 2812; x_wconf 84' lang='lat' dir='ltr'>de</span> <span class='ocrx_word' id='word_1_222' title='bbox 620 2785 714 2812; x_wconf 66' lang='lat' dir='ltr'>cette</span> <span class='ocrx_word' id='word_1_223' title='bbox 732 2777 859 2824; x_wconf 78' lang='lat' dir='ltr'>eglise,</span> <span class='ocrx_word' id='word_1_224' title='bbox 884 2789 956 2811; x_wconf 89' lang='lat' dir='ltr'>non</span> <span class='ocrx_word' id='word_1_225' title='bbox 976 2777 1055 2823; x_wconf 86' lang='lat' dir='ltr'>plus</span> <span class='ocrx_word' id='word_1_226' title='bbox 1074 2789 1145 2824; x_wconf 86' lang='lat' dir='ltr'>que</span> <span class='ocrx_word' id='word_1_227' title='bbox 1164 2776 1208 2811; x_wconf 82' lang='lat' dir='ltr'>tle</span> <span class='ocrx_word' id='word_1_228' title='bbox 1228 2783 1310 2811; x_wconf 78' lang='lat' dir='ltr'>tous</span> <span class='ocrx_word' id='word_1_229' title='bbox 1329 2775 1379 2810; x_wconf 85' lang='lat' dir='ltr'>les</span> <span class='ocrx_word' id='word_1_230' title='bbox 1397 2781 1518 2810; x_wconf 72' lang='lat' dir='ltr'>auti-es</span> <span class='ocrx_word' id='word_1_231' title='bbox 1537 2781 1771 2810; x_wconf 83' lang='lat' dir='ltr'>monuments</span> <span class='ocrx_word' id='word_1_232' title='bbox 1789 2775 1972 2810; x_wconf 76' lang='lat' dir='ltr'>chretiens</span> 
     </span>
    </p>
   </div>
   <div class='ocr_carea' id='block_1_5' title="bbox 555 2837 786 2871">
    <p class='ocr_par' dir='ltr' id='par_1_6' title="bbox 555 2837 786 2871">
     <span class='ocr_line' id='line_1_33' title="bbox 555 2837 786 2871; baseline -0.004 0"><span class='ocrx_word' id='word_1_233' title='bbox 555 2837 786 2871; x_wconf 64' lang='lat' dir='ltr'>{l&#39;Antioclie</span> 
     </span>
    </p>
   </div>
  </div>
 </body>
</html>
