2085 3455
614 306 690 343 404
981 305 1222 344 HISTORIA
1255 305 1655 345 ECCLESIASTICA.
1881 311 2018 360 [1130]

611 410 694 439 rex
722 394 768 438 in
802 393 929 438 curia
958 393 1150 439 Henrici
1184 393 1304 456 regis
1338 403 1469 439 caute
1492 392 1723 457 judicium
1750 393 2016 456 indagaret,

611 483 657 518 et
680 471 736 517 de
756 481 888 517 reatu
903 469 1112 534 perfidiae
1125 507 1136 527 ‚
1157 488 1298 535 quam
1320 470 1589 517 Goissredus
1612 471 1669 517 de
1687 470 1923 517 clintonia
1935 507 1948 529 ,
1969 483 2021 518 ut

608 548 790 606 dicunt,
813 560 976 595 contra
999 566 1158 612 regem
1179 550 1454 612 agitaverat,
1473 548 1728 612 diligenter
1747 548 2017 607 discuteret,

610 627 826 692 AragoiS,
843 643 997 673 comes
1017 625 1247 683 Morafiae,
1263 644 1370 672 cum
1387 627 1610 673 Melcolso
1625 638 1672 673 et
1689 627 1900 691 quinque
1918 627 2021 673 mil-

608 706 729 751 libus
752 716 1070 758 armatorum,
1098 705 1302 750 Scotiam
1330 705 1550 759 intravit,
1590 715 1831 768 totamque
1859 705 2020 768 regio-

606 800 715 828 nem
741 782 828 827 sibi
852 781 1069 844 subigere
1098 780 1291 826 studuit.
1320 781 1473 828 Porro
1509 780 1782 838 Eduardus,
1821 779 2019 829 Siwardi

608 861 750 915 filins,
775 859 857 924 qui
876 858 962 904 sub
982 857 1206 904 Eduardo
1228 875 1337 922 rege
1359 858 1578 905 tribunus
1598 859 1890 906 Merciorum
1908 858 2016 914 suit,

607 937 825 1000 princeps
850 935 1059 992 militiae,
1085 946 1131 980 et
1154 934 1468 981 consobrinus
1491 935 1640 982 David
1665 936 1816 1000 regis,
1840 935 2020 981 exerci—

606 1025 708 1059 tum
731 1012 1031 1077 aggregavit,
1059 1023 1105 1058 et
1130 1011 1287 1058 hostili
1315 1024 1512 1076 repente
1538 1014 1765 1060 exercitui
1791 1012 2016 1059 obviavit.

604 1090 815 1137 Tandem
835 1093 951 1136 sacta
971 1090 1320 1153 congressione,
1349 1092 1545 1155 Aragois
1566 1092 1810 1138 consulem
1828 1089 2017 1148 occidit,

602 1170 791 1233 ejusque
814 1179 990 1214 turmas
1008 1169 1282 1231 prostravit,
1301 1168 1426 1231 cepit
1446 1180 1588 1233 atque
1604 1169 1798 1233 fugavit.
1819 1167 2016 1225 Deinde,

603 1265 712 1293 cum
746 1244 1022 1292 cohortibus
1053 1246 1173 1303 suis,
1194 1247 1291 1309 jam
1324 1246 1569 1309 triumpho
1601 1247 1756 1304 elatis,
1791 1246 2020 1310 fugientes

602 1324 735 1371 avide
756 1326 988 1371 insecutus
1007 1334 1093 1381 est,
1117 1334 1162 1369 et
1181 1323 1447 1381 Morafiam‚
1470 1323 1713 1371 defensore
1731 1323 2019 1387 dominoque

601 1413 868 1457 vacantem,
906 1403 1140 1465 ingressus
1165 1412 1256 1456 est,
1288 1412 1537 1466 totumque
1568 1402 1775 1466 regionis
1805 1402 2018 1464 spatiosae

600 1479 947 1536 <iucatum,Deo
960 1478 1230 1535 auxiliante,
1248 1489 1416 1525 nactus
1434 1479 1604 1543 est(1).
1619 1479 1694 1525 Sic
1708 1477 1874 1535 David,
1886 1487 2016 1523 aucta

648 1690 699 1730 (ι)
721 1687 767 1720 La
784 1686 920 1720 revolte
938 1686 1122 1732 d’Angus,
1145 1692 1264 1720 comte
1284 1685 1328 1720 de
1345 1686 1485 1732 Mowy,
1507 1687 1718 1733 appartient
1736 1699 1781 1720 en
1797 1685 1877 1720 effet
1895 1688 1913 1720 a
1930 1685 2018 1720 l’an-

600 1748 667 1781 nee
696 1744 795 1780 1150.
822 1746 995 1791 Quoique
1018 1744 1067 1779 les
1092 1752 1213 1779 autres
1236 1745 1434 1779 historiens
1457 1746 1593 1780 n’aient
1612 1746 1715 1792 point
1739 1745 1839 1792 parle
1859 1745 1904 1780 de
1924 1752 2018 1780 cette

599 1805 759 1853 qnerclle
783 1812 887 1840 entre
911 1805 1029 1839 Henri
1050 1805 1095 1838 12'
1117 1811 1154 1838 et
1177 1804 1341 1839 Geoffroi
1367 1804 1412 1838 de
1434 1804 1603 1848 Clinton,
1632 1817 1666 1839 sa
1689 1804 1815 1839 realite
1836 1817 1871 1839 se
1893 1811 2018 1839 trouve

598 1865 794 1901 confirmee
815 1877 880 1912 par
899 1877 971 1899 une
989 1865 1116 1899 charte
1135 1864 1180 1899 de
1200 1864 1362 1911 l'abbaye
1383 1864 1427 1899 de
1446 1865 1694 1911 Montebourg
1711 1881 1717 1898 z
1737 1866 1794 1899 De
1812 1865 1908 1900 dono
1921 1864 2020 1911 quod

605 1924 808 1958 Willelmus
828 1925 949 1958 Estur'
965 1923 1139 1969 pr'oefatoe
1161 1923 1325 1957 abbatloe
1348 1923 1449 1957 dedit
1473 1925 1511 1957 in
1534 1923 1661 1958 eadem
1681 1924 1776 1958 villa
1794 1925 1806 1968 (
1821 1924 2014 1968 Trivilla),

598 1996 709 2030 qua’n
734 1983 779 2016 G.
799 1981 844 2016 de
871 1982 1056 2016 Cllntonia
1080 1982 1190 2016 michi
1209 1984 1245 2016 in
1269 1981 1471 2016 hereditate
1497 1982 1614 2025 dedit,
1636 1982 1785 2029 quando
1803 1984 1898 2016 inter
1913 1981 2015 2017 Hen-

598 2045 712 2076 ricum
732 2054 854 2088 regem
872 2047 906 2075 et
926 2043 1046 2087 ipsum
1063 2054 1192 2087 pacem
1198 2041 1297 2088 feci.
1319 2042 1425 2076 Cette
1445 2042 1571 2076 charte
1590 2049 1645 2076 est
1664 2041 1894 2089 d'Engelger,
1917 2041 1962 2076 de
1982 2041 2014 2075 la

598 2101 733 2136 snmille
754 2101 800 2136 de
825 2101 965 2136 Bohon.
993 2100 1056 2136 On
1074 2107 1202 2136 trouve
1226 2101 1314 2136 dans
1337 2101 1370 2136 le
1394 2101 1470 2136 role
1493 2101 1538 2136 de
1564 2093 1789 2149 l’Echiquier
1811 2113 1905 2148 pour
1928 2099 2013 2136 1130

599 2169 679 2196 tous
692 2161 743 2196 les
759 2167 971 2207 payements
984 2160 1067 2194 faits
1082 2173 1176 2207 pour
1190 2160 1357 2207 defrayer
1370 2160 1484 2195 l'aller
1500 2173 1545 2195 en
1560 2160 1778 2207 Angleterre
1792 2167 1828 2195 et
1842 2160 1874 2194 le
1890 2167 2014 2194 retour

597 2222 647 2255 du
665 2221 721 2255 roi
738 2219 867 2254 David.
886 2240 932 2246 —-
949 2221 1007 2254 Au
1025 2218 1100 2254 lieu
1118 2219 1336 2266 d'Aragois,
1358 2219 1442 2254 lisez
1460 2234 1466 2252 e
1484 2220 1631 2266 Augus.
1644 2239 1690 2245 —
1707 2218 1769 2254 On
1786 2219 1861 2253 voit
1879 2219 2013 2265 figurer

597 2273 789 2324 Edouard,
809 2279 863 2314 fils
880 2279 924 2313 de
941 2279 1102 2323 Siward,
1122 2281 1240 2326 parmi
1258 2280 1310 2314 les
1326 2280 1482 2314 temoins
1500 2279 1609 2313 d’une
1625 2279 1751 2313 charte
1766 2278 1817 2312 du
1830 2279 1885 2313 roi
1899 2277 2013 2313 David

597 2352 643 2375 en
670 2340 795 2374 faveur
821 2338 868 2373 de
892 2338 1030 2385 l’eglise
1056 2339 1101 2374 de
1121 2339 1362 2374 Dumferline.
1393 2339 1494 2374 Nous
1518 2351 1720 2386 supposons
1748 2351 1832 2373 avec
1857 2337 2012 2374 Orderic

597 2400 687 2448 qu’il
703 2400 791 2434 etait
810 2399 863 2433 fils
883 2399 928 2434 de
946 2399 1087 2434 Siward
1104 2400 1217 2443 Barn,
1237 2399 1328 2434 dont
1342 2411 1433 2434 nous
1450 2411 1557 2434 avons
1576 2399 1675 2446 parle
1693 2386 1888 2442 ci-dessus',
1909 2405 1935 2432 t.
1955 2397 2010 2439 II,

597 2474 633 2508 p.
653 2459 730 2495 166.
749 2461 796 2495 Le
812 2466 887 2494 mot
907 2460 999 2494 ham
1017 2460 1172 2508 (beorn)
1189 2467 1260 2504 est,
1279 2473 1325 2494 en
1341 2460 1618 2507 Anglo-Saxon‚
1635 2472 1686 2494 un
1702 2460 1789 2494 titre
1806 2459 2010 2493 d'honneur

597 2523 616 2554 a
636 2532 707 2566 peu
728 2520 809 2566 pres
832 2519 1118 2566 correspondant
1139 2522 1156 2554 ἐι
1178 2519 1271 2554 celui
1293 2519 1338 2554 de
1357 2520 1420 2554 cilt
1445 2520 1570 2565 (clito)
1591 2535 1597 2553 :
1616 2521 1805 2566 princeps,
1829 2515 2007 2553 tribunus.

595 2580 643 2614 La
669 2580 820 2626 parente'
844 2579 1128 2624 (consobrinus)
1156 2592 1228 2627 que
1255 2586 1361 2613 notre
1387 2585 1518 2613 auteur
1546 2578 1676 2613 etablit
1700 2578 1745 2612 ici
1772 2584 1875 2612 entre
1899 2577 1931 2611 le
1955 2576 2008 2610 roi

593 2638 710 2673 David
730 2645 766 2673 et
782 2630 956 2672 Edouard
974 2646 1078 2685 porte
1098 2639 1146 2673 M.
1164 2638 1352 2686 Stapleton
1371 2640 1391 2672 a
1410 2650 1541 2685 penser
1558 2650 1629 2685 que
1647 2636 1787 2673 Siward
1806 2637 1900 2671 Barn
1919 2635 2008 2670 avait

592 2699 644 2734 du
670 2699 748 2734 etse
775 2711 825 2733 un
849 2698 904 2732 fils
928 2698 1039 2746 puine
1065 2699 1110 2734 de
1132 2699 1291 2743 Siward,
1319 2706 1437 2733 comte
1463 2698 1508 2733 de
1535 2696 1878 2733 Northumberland
1903 2703 1939 2730 et
1963 2694 2007 2728 de

592 2759 624 2794 H
632 2758 839 2805 untingdon
850 2785 859 2801 ,
879 2757 1122 2804 grand-oncle
1136 2758 1185 2792 du
1202 2758 1257 2793 roi
1276 2758 1389 2793 David
1407 2771 1472 2805 par
1486 2769 1522 2792 sa
1536 2769 1644 2801 soeur,
1666 2758 1764 2791 mere
1780 2756 1829 2790 du
1844 2755 1899 2790 roi
1916 2753 2006 2789 Mal-

592 2817 700 2853 colm.
718 2818 780 2853 On
794 2818 861 2853 sait
874 2830 945 2865 que
959 2817 992 2852 le
1007 2817 1059 2852 fils
1075 2819 1155 2852 aine
1171 2818 1221 2853 du
1236 2825 1355 2854 comte
1372 2816 1512 2854 siward
1526 2817 1614 2851 etait
1630 2816 1662 2851 le
1675 2823 1793 2851 comte
1807 2812 2003 2849 VValtheof.

2081 2842 2084 2861 1
