2033 3445
48 331 185 382 [1087]
522 327 674 365 LIBER
702 325 971 364 SEPTIMUS.
1379 328 1450 363 ‘251

47 416 255 464 adhaesit.
296 413 385 459 Sed
419 430 531 459 mox
572 414 760 458 sinistra
795 412 986 458 fortuna
1021 410 1244 456 omnibus
1281 412 1459 473 pariter

47 495 302 542 maximum
327 502 561 537 terrorem
590 490 881 554 propinavit.
918 488 1040 533 Nam
1069 504 1265 534 enorme
1296 488 1461 533 incen-

47 573 174 620 dium
203 569 260 616 de
284 567 486 633 quadam
509 568 652 615 domo
677 568 898 632 protinus
923 566 1102 629 erupit,
1135 576 1181 611 et
1210 566 1463 611 immensos

49 650 345 697 flammarum
369 646 535 710 globos
558 646 811 702 eructavit,
837 660 1152 707 magnamque
1177 653 1363 706 partem
1384 642 1465 686 Ca-

49 726 280 775 <lemensis
321 724 461 788 burgi
508 724 731 770 damnose
777 722 961 768 invasit.
1011 721 1184 767 Omnes
1223 720 1368 784 igitur
1408 718 1465 764 ad

51 807 206 870 ignem
229 801 643 866 comprimendum
667 801 823 848 clerici
851 818 957 846 cum
982 800 1109 846 laicis
1135 808 1464 846 cucurrerunt.

51 883 145 930 Soli
164 898 280 928 vero
299 879 518 927 monachi
542 890 756 943 coeptum
779 878 984 925 officium
1008 877 1393 940 compleverunt,
1421 886 1469 921 et

51 977 174 1008 soma
209 960 281 1022 (1)
319 959 442 1022 regis
484 957 539 1003 ad
580 956 897 1003 coenobialem
936 955 1178 1001 basilicam
1218 954 1470 1018 psallentes

49 1035 388 1101 perduxerunt.

113 1113 327 1178 Denique
341 1112 398 1159 ad
417 1112 738 1176 sepeliendum
756 1111 1014 1157 maximum
1035 1109 1205 1156 ducem
1221 1119 1267 1155 et
1285 1119 1471 1172 patrem

52 1192 215 1256 patriae
257 1190 530 1255 congregati
577 1200 687 1235 sunt
725 1205 889 1235 omnes
935 1188 1138 1251 episcopi
1188 1197 1235 1233 et
1281 1185 1472 1232 abbates

52 1268 360 1316 Normanniae
389 1289 398 1313 :
426 1285 482 1314 ex
507 1266 678 1332 quibus
703 1266 760 1311 ad
785 1266 1005 1313 notitiam
1031 1275 1333 1329 posterorum
1358 1262 1474 1308 libet

53 1346 280 1411 quosdam
312 1346 587 1402 nominare,
624 1355 670 1391 ct
700 1344 922 1408 praesenti
966 1342 1178 1389 breviter
1214 1342 1260 1387 in
1302 1341 1471 1404 pagina

52 1423 295 1472 denotare.
336 1423 617 1470 Guillelmus
657 1422 1018 1484 Rotomagensis
1058 1420 1439 1483 archiepiscopus
1459 1454 1470 1474 ‚

53 1501 155 1548 Odo
192 1502 456 1565 Bajocensis
496 1501 769 1564 episcopus,
814 1498 1106 1545 Gislebcrtus
1140 1497 1470 1551 Ebroicensis,

55 1577 344 1625 Gislehertus
372 1578 659 1623 Maminotus
691 1576 1015 1632 Lexoviensis‚
1053 1574 1253 1620 'Michael
1285 1572 1474 1618 Abrin-

57 1656 276 1713 catensis,
303 1654 572 1701 Goisfredus
597 1653 1047 1711 constantiniensis,
1075 1664 1120 1698 et
1147 1650 1375 1697 Girardus
1402 1651 1478 1696 Sa-

58 1734 243 1797 giensis.
267 1730 476 1780 Abbates
496 1749 685 1798 quoque
705 1732 752 1777 hi
779 1742 889 1777 sunt
909 1751 918 1776 :
940 1730 1191 1777 Anselmus
1210 1730 1475 1786 Beccensis‚

58 1810 337 1858 Guillelmus
358 1811 415 1857 de
437 1812 531 1857 Ros
553 1810 905 1866 Fiscannensis,
935 1808 1196 1855 Gerhertus
1224 1807 1478 1854 Fontinel-

60 1890 223 1947 lensis,
250 1889 523 1936 Guntardus
546 1888 906 1943 Gemeticensis,
938 1887 1196 1934 Mainerius
1220 1886 1477 1942 Uticensis,

61 1966 204 2014 Fulco
219 1967 432 2014 Divensis
447 2002 459 2022 ,
482 1965 735 2012 Durandus
755 1965 1093 2020 Troarnensis,
1116 1963 1388 2011 Rodbertus
1411 1963 1483 2008 Sa-

63 2045 256 2110 giensis‚
294 2044 534 2091 Osbernus
571 2044 917 2101 Bernaicensis,
955 2043 1187 2106 Rogerius
1221 2041 1279 2087 de
1316 2041 1481 2087 Monte

64 2122 218 2169 Sancti
261 2121 504 2168 Michaelis
549 2122 593 2166 in
639 2119 853 2184 periculo
895 2121 1063 2173 maris3
1113 2119 1482 2181 Rotomagcnses

65 2199 445 2246 archimandritae
467 2219 477 2244 :
498 2198 719 2245 Nicolaus
737 2196 794 2244 cle
813 2198 985 2243 Sancto
1004 2195 1259 2251 Audoeno,
1282 2205 1329 2240 et
1345 2194 1484 2240 Gaul-

66 2277 208 2323 terius
226 2275 284 2323 de
302 2277 470 2323 Monte
489 2276 672 2321 Sauctae
692 2275 962 2329 Trinitatis,
990 2284 1036 2319 et
1055 2273 1132 2319 alii
1158 2273 1340 2336 plures,
1366 2288 1484 2335 quos

68 2354 349 2400 nominatim
372 2354 588 2417 proferre
613 2353 896 2416 perlongum
920 2362 1005 2397 est.
1034 2351 1207 2397 Omnes
1232 2350 1278 2395 hi
1299 2348 1357 2395 ad
1377 2366 1485 2395 exe-

67 2432 195 2496 quias
219 2432 382 2479 famosi
407 2431 599 2479 baronis
625 2441 980 2486 convenerunt,
1011 2430 1257 2493 ipsumque
1282 2429 1326 2474 in
1353 2443 1485 2490 pres„

67 2507 249 2572 hyterio
276 2511 403 2556 inter
427 2509 627 2557 chorum
652 2520 699 2555 ct
722 2509 869 2554 altare
893 2508 1197 2571 sepelierunt.

130 2588 329 2652 Expleta
362 2590 523 2646 missa,
558 2606 662 2635 cum
689 2589 785 2651 jam
811 2588 1103 2651 sarcofagum
1130 2587 1174 2631 in
1207 2596 1329 2631 terra
1358 2584 1487 2629 loca-

72 2676 171 2712 tum
187 2678 328 2726 esset,
351 2666 428 2713 sed
447 2685 618 2730 corpus
637 2665 786 2712 adluu-
812 2666 855 2710 in
877 2666 1054 2711 feretro
1068 2666 1266 2727 jaceret,
1290 2678 1488 2725 magnus

121 2836 371 2883 (1)l„c‹·0rps.
