2085 3455
573 291 650 327 508
943 290 1187 328 HISTORIA
1218 289 1624 332 ECCLESIASTICA.
1684 295 1731 342 [1⁰
1751 306 1848 330 mnu
1870 297 1988 345 1097]

572 377 775 439 agmine.
803 377 857 422 In
881 377 1033 424 altero
1059 378 1320 424 Tolosanus
1341 393 1524 435 comes,
1555 389 1601 424 et
1623 378 1864 425 Podiensis
1886 381 1992 443 epi-

572 471 740 517 scopus
750 474 764 512 ;
794 454 1085 501 Godefredus
1108 454 1225 508 dux,
1249 465 1294 500 et
1328 454 1612 514 Balduinus‚
1639 467 1686 502 et
1715 457 1854 520 Hugo
1887 457 1996 503 Ma-

573 548 716 595 gnus,
745 543 792 578 et
824 532 1125 579 Flandrensis
1154 531 1450 589 Rodbertus,
1486 551 1593 579 cum
1628 535 1828 597 copiosis
1861 551 1996 581 com-

574 610 837 655 meantium
860 609 1175 656 examinibus.

638 687 693 732 In
714 687 808 750 ipsa
823 688 1082 751 septimana
1102 689 1194 751 (1),
1213 689 1375 745 Turci,
1396 688 1527 734 velut
1544 705 1685 734 arena
1702 689 1846 734 maris
1864 689 2000 735 innu-

573 764 711 818 meri,
730 781 817 810 con
827 775 896 809 tra
911 763 1241 810 Boamundum
1258 764 1611 821 confluxerunt,
1630 775 1677 810 et
1691 782 1861 828 magna
1880 765 1998 811 mul-

573 840 777 887 titudine
788 842 967 897 confisi,
979 840 1271 888 Christianos
1282 843 1574 888 unanimiter
1588 843 1877 889 invaserunt.
1892 843 1997 888 Dux

573 934 741 963 eorum
764 919 1072 965 Dalimannus
1094 920 1164 983 (2)
1192 931 1319 976 erat,
1343 937 1514 984 eosque
1536 921 1672 968 furor
1694 922 1741 967 in
1767 921 1994 985 alienige-

574 1013 655 1041 nas
676 996 932 1054 animabat,
953 998 1033 1062 qui
1053 998 1264 1044 Nicaeam
1282 1000 1690 1062 praesumpsissent
1706 1015 1993 1063 expugnare,

575 1084 622 1120 et
658 1076 970 1138 possessiones
1007 1094 1175 1124 eorum
1207 1076 1505 1140 depopulari.
1540 1077 1611 1124 Ibi
1650 1089 1787 1124 erant
1824 1078 1966 1123 Turci
1983 1114 1996 1135 ,

575 1152 819 1199 Sarraceni
837 1190 849 1211 ‚
876 1154 1029 1201 Persae
1059 1165 1106 1201 et
1144 1155 1349 1219 Agulani
1383 1156 1480 1218 (3);
1506 1172 1714 1220 quorum
1747 1171 1999 1201 numerum

575 1241 973 1293 computaverunt
996 1249 1134 1278 CCCLX
1163 1232 1309 1278 millia
1324 1268 1336 1290 ‚
1364 1243 1541 1295 praeter
1564 1231 1743 1278 Arabes
1758 1268 1770 1288 ‚
1794 1249 2000 1296 quorum

575 1324 831 1354 concursus
852 1308 1243 1356 indeterminatus
1258 1309 1364 1355 fuit.
1384 1309 1617 1374 Egregius
1633 1326 1748 1356 vero
1765 1310 2001 1355 Buamun-

575 1385 683 1441 dus,
738 1397 788 1432 ut
841 1387 1239 1434 innumerabilem
1286 1387 1643 1434 multitudinem
1696 1388 1999 1434 inimicorum

574 1465 689 1522 suis,
726 1481 808 1511 ore
835 1465 1026 1523 rabido,
1057 1477 1104 1512 et
1135 1465 1281 1512 effero
1307 1465 1488 1530 gladio,
1517 1466 1820 1512 minitantem
1845 1476 1893 1511 et
1921 1466 2000 1511 in-

575 1542 831 1588 sultantem
861 1543 1003 1600 vidit,
1047 1544 1399 1607 imperterritus
1424 1545 1579 1601 stetit,
1606 1561 1806 1608 suosque
1835 1543 1997 1601 brevi,

575 1619 654 1665 sed
672 1621 1016 1683 sapientissimo
1038 1620 1287 1668 admonuit
1302 1658 1313 1678 ‚
1337 1631 1382 1667 et
1406 1619 1710 1667 laudabiliter
1728 1620 1785 1667 ad
1806 1620 2001 1667 honori-

577 1696 719 1743 ficum
744 1708 983 1744 certamen
1004 1698 1353 1764 corroboravit.
1381 1698 1612 1744 Celeriter
1634 1697 1827 1744 mandat
1843 1698 1998 1755 sociiS,

626 1843 675 1887 (ι)
696 1843 741 1876 Le
773 1848 819 1876 1er
838 1842 982 1888 juillet,
1006 1845 1025 1877 ἐι
1052 1843 1226 1889 Βοηίῥθ,
1248 1843 1337 1877 dans
1365 1842 1398 1877 la
1423 1843 1534 1878 vallee
1558 1843 1603 1877 de
1629 1843 1812 1890 Gorgoni.
1834 1843 1864 1877 Il
1888 1844 2004 1890 paruit

578 1913 650 1948 que
671 1914 711 1935 ce
729 1892 784 1936 fut
802 1903 899 1937 l’une
916 1903 979 1936 des
997 1904 1196 1949 premieres
1215 1903 1378 1937 batailles
1397 1901 1487 1936 dans
1505 1901 1697 1949 lesquelles
1717 1902 1768 1936 les
1791 1903 1924 1937 croises
1941 1915 2004 1937 en-

580 1959 767 1995 tendirent
785 1960 818 1995 le
836 1961 937 1995 bruit
955 1961 1017 1995 des
1040 1961 1247 2005 tambours,
1269 1962 1332 2008 qui
1361 1960 1410 1995 les
1431 1960 1563 2007 effi-aya
1588 1960 1799 2006 beaucoup,
1821 1961 1911 1995 ainsi
1933 1973 2005 2008 que

578 2019 676 2053 leurs
693 2020 865 2055 chevaux.
892 2021 1174 2068 Tympanorum
1193 2034 1306 2056 sonus
1323 2021 1526 2063 horribilis,
1547 2020 1602 2054 dit
1620 2019 1833 2055 Guillaume
1850 2020 1895 2055 de
1912 2021 1999 2068 Tyr.

578 2080 684 2126 Equi
703 2093 862 2127 namque
890 2093 1013 2115 eorum
1039 2081 1395 2127 (Christianorum),
1423 2081 1610 2115 insolitum
1635 2093 1708 2114 non
1722 2079 1899 2125 serentes
1931 2081 2005 2115 cla-

580 2153 715 2174 morem
741 2147 776 2174 et
808 2141 1045 2174 buccinarum
1070 2142 1281 2188 clangorem
1311 2148 1346 2175 et
1374 2143 1468 2176 ictus
1498 2141 1767 2182 taburciorum,
1795 2140 2004 2175 calcaribus

579 2212 653 2234 non
670 2199 987 2244 obtemperabant.
1012 2200 1211 2235 ss‘ostrales
1228 2213 1388 2248 quoque,
1410 2207 1511 2235 lanto
1530 2200 1688 2235 stridore
1706 2202 1892 2245 percussi,
1913 2201 2006 2247 quid

579 2266 675 2294 esset
692 2260 931 2305 ignorabant.
951 2261 1102 2295 Henric.
1122 2261 1322 2308 Hunting„
1341 2261 1452 2304 Hist„
1469 2261 1493 2294 l.
1516 2260 1602 2295 VII.

627 2320 787 2354 L'armee
811 2320 1025 2354 Chretienne
1046 2321 1170 2367 perdit
1195 2320 1284 2355 dans
1304 2328 1399 2356 cette
1419 2320 1564 2355 bataille
1586 2319 1820 2363 Guilhume,
1840 2321 1936 2355 frere
1955 2320 2001 2355 de

578 2379 768 2413 Tamti-ede
781 2407 788 2419 ,
810 2385 847 2413 et
866 2379 1029 2414 Geoffroi
1049 2379 1094 2414 de
1111 2380 1456 2427 Monte-Scaglioso.

624 2439 675 2483 (2)
694 2437 840 2484 Kilidge
859 2438 1001 2473 Arslan.

621 2496 672 2543 (5)
696 2497 757 2533 On
776 2510 821 2532 ne
841 2499 909 2533 sait
923 2498 978 2533 s’il
996 2499 1073 2534 faut
1092 2499 1271 2534 entendre
1291 2512 1357 2546 par
1375 2511 1414 2534 ce
1433 2505 1510 2533 mot
1527 2511 1600 2533 une
1623 2499 1748 2533 nation
1764 2527 1773 2543 ‚
1791 2511 1864 2533 une
1882 2506 1997 2545 secte,

574 2569 623 2591 ou
643 2570 693 2591 un
713 2569 818 2604 corps
838 2558 1010 2594 militaire
1033 2559 1259 2606 particulier.
1283 2560 1334 2594 Ce
1354 2559 1445 2606 qu’il
1467 2572 1490 2606 y
1516 2572 1535 2593 a
1558 2558 1604 2593 de
1628 2559 1787 2601 certain,
1816 2559 1904 2593 c’est
1925 2570 1998 2606 que

575 2617 628 2651 les
645 2617 807 2664 Agulans
824 2619 961 2653 etaient
977 2620 1223 2654 entierement
1240 2626 1406 2654 couverts
1422 2618 1532 2653 d'une
1548 2629 1695 2652 armure
1709 2617 1754 2652 de
1771 2618 1836 2661 fer,
1857 2629 1999 2652 comme

576 2676 628 2711 les
645 2677 848 2712 Estradiots
869 2677 919 2711 du
940 2687 996 2712 xv‘
1016 2678 1141 2722 siecle,
1168 2686 1205 2714 et
1223 2678 1332 2726 qu'ils
1350 2691 1395 2712 ne
1413 2690 1449 2712 se
1470 2677 1652 2712 battaient
1670 2677 1751 2724 qu’a
1772 2675 1885 2723 l’epee
1903 2693 1908 2710 r
1932 2678 2003 2723 Qui

577 2738 644 2770 toli
659 2736 772 2783 ferro
801 2737 960 2780 loricati,
991 2751 1108 2784 neque
1138 2740 1296 2783 sagittas
1327 2750 1443 2784 neque
1474 2738 1622 2771 lanceas
1655 2735 1849 2778 timebant,
1882 2748 1999 2782 neque

573 2803 710 2835 prwter
729 2797 874 2842 gladios·
893 2811 995 2832 arma
1018 2802 1052 2832 in
1077 2799 1209 2833 bellum
1227 2799 1418 2843 ferebam,
1444 2797 1498 2831 dit
1521 2795 1668 2831 Bandri.
