2085 3455
512 340 564 376 50
874 334 1115 372 HISTORIA
1144 333 1542 373 ECCLESIASTICA.

510 422 739 468 inutiliter
774 420 1070 478 diffundunt,
1098 422 1196 468 sine
1221 421 1367 468 dubio
1390 421 1519 467 velut
1551 437 1667 485 aqua
1703 419 1914 466 defluens

509 497 920 546 irremediabiliter
953 510 1214 545 transeunt.
1252 499 1345 544 Alii
1379 516 1519 555 vero,
1554 499 1635 562 qui
1667 497 1917 544 heredibus

508 577 599 622 suis
622 576 835 640 ingentes
865 593 994 640 gazas
1021 586 1194 639 augent
1222 586 1269 621 et
1299 587 1565 631 reservant,
1596 574 1719 638 proh
1744 574 1910 620 dolor!

505 664 812 717 augmentum
837 653 1031 699 malitiae
1066 654 1360 717 miseriaeque
1387 652 1474 698 sihi
1508 652 1748 698 multoties
1773 670 1914 698 accu—

505 730 690 776 mulant
702 766 714 786 ,
743 740 971 794 natosque
989 747 1094 776 suos
1117 729 1174 775 ad
1193 729 1455 775 multorum
1472 729 1753 774 detrimenta
1773 729 1918 774 soler-

507 817 579 852 ter
602 805 821 853 educant.
862 806 952 869 Ipsi
977 806 1104 851 enim
1132 805 1266 851 furtis
1297 816 1343 850 et
1371 803 1729 867 rapacitatibus,
1753 804 1915 849 multi—

503 883 750 948 modisque
767 884 990 948 nequitiis
1005 897 1305 946 summopere
1327 882 1609 939 inserviunt,
1632 882 1915 945 meritoque,

504 963 810 1026 malignitatis
826 980 920 1008 suae
939 961 1093 1024 dignis
1112 961 1373 1008 ultionibus
1388 960 1619 1016 mulctati,
1637 959 1914 1023 depereunt.

506 1040 581 1086 Sic
605 1056 775 1102 nempe
800 1039 854 1085 fit
879 1050 930 1085 ut
955 1056 1042 1085 nec
1077 1039 1202 1085 coelo
1219 1076 1231 1095 ⁷
1265 1055 1352 1084 nec
1386 1049 1512 1083 terra
1539 1036 1671 1101 digni
1697 1036 1918 1101 judicen—

508 1127 602 1173 tur,
635 1126 682 1162 et
703 1116 884 1178 amplos
921 1115 1122 1162 honores
1148 1115 1319 1179 ingrati
1346 1130 1628 1160 successores
1651 1113 1920 1176 adipiscan—

506 1204 602 1251 tur,
629 1204 675 1238 et
698 1203 1011 1240 antecessores
1026 1228 1039 1248 ‚
1063 1193 1140 1257 qui
1166 1192 1323 1254 pravis
1344 1190 1594 1237 heredibus
1617 1191 1784 1237 nimias
1809 1208 1921 1254 opes

501 1273 867 1334 procuraverint
883 1306 895 1326 ‚
927 1288 950 1315 a
978 1270 1138 1315 multis
1161 1269 1522 1315 maledicantur.

568 1345 757 1392 Providi
793 1345 1014 1408 sophistae
1046 1345 1102 1391 de
1141 1363 1410 1391 mammona
1453 1345 1712 1409 iniquitatis
1749 1345 1922 1390 amicos

506 1425 593 1470 sibi
630 1425 835 1481 saeiunt;
871 1425 980 1488 qui,
1014 1424 1127 1469 dum
1158 1424 1360 1470 carnalia
1395 1441 1562 1470 eorum
1595 1422 1652 1469 ad
1678 1423 1924 1486 praesentis

505 1503 614 1548 vitae
634 1502 1027 1547 sustentationem
1051 1502 1341 1564 percipiunt,
1363 1502 1543 1548 meritis
1563 1513 1609 1547 et
1628 1500 1926 1548 orationibus

507 1578 767 1642 spiritualia
787 1577 1167 1624 benefactoribus
1190 1577 1282 1623 suis
1308 1578 1357 1623 in
1380 1589 1613 1623 aeternum
1642 1577 1921 1640 rependant.

508 1656 772 1720 Bajocensis
791 1654 1019 1701 Ebrulfus
1041 1672 1338 1718 summopere
1359 1656 1445 1702 sibi
1470 1657 1750 1720 perquisivit
1783 1655 1924 1702 debi-

511 1745 637 1780 tores
672 1732 1024 1797 hujuscemodi3
1063 1732 1120 1778 de
1153 1734 1280 1797 cujus
1304 1734 1401 1797 jam
1438 1732 1578 1779 rebus
1614 1734 1660 1779 in
1703 1734 1923 1796 praesenti

512 1811 738 1875 opusculo
754 1808 962 1873 plurima
986 1811 1145 1856 retuli.
1175 1810 1363 1857 Amodo
1384 1810 1441 1857 de
1465 1811 1565 1874 ipso
1590 1822 1722 1875 patre
1742 1811 1921 1867 ordiar,

512 1898 559 1933 et
577 1888 672 1952 ejus
691 1897 842 1951 gesta,
866 1887 986 1932 sicut
1011 1904 1035 1932 a
1058 1887 1221 1950 priscis
1247 1888 1424 1950 scripto
1458 1904 1537 1935 seu
1563 1888 1794 1934 relatione
1824 1899 1928 1934 tra-

514 1964 710 2021 duntur,
744 1962 959 2010 breviter
991 1981 1268 2029 prosequar,
1299 1975 1345 2010 et
1369 1964 1514 2010 vitam
1546 1966 1641 2029 ejus
1667 1966 1737 2029 (1)
1769 1964 1825 2011 ad
1848 1982 1929 2012 re-

517 2042 771 2088 fectionem
797 2041 1059 2105 legentium
1083 2040 1158 2088 hic
1178 2042 1239 2088 ita
1265 2042 1472 2089 inserere
1489 2043 1635 2089 nitar.

586 2119 672 2165 [X.
703 2140 726 2164 «
752 2119 1050 2166 Venerabilis
1073 2120 1218 2184 igitur
1239 2131 1373 2183 pater
1395 2120 1622 2167 Ebrulfus
1636 2157 1648 2177 ,
1676 2120 1930 2168 admodum

570 2353 621 2396 (i)
637 2352 742 2386 Cette
755 2351 910 2397 legende
924 2352 969 2386 de
983 2353 1078 2387 saint
1096 2345 1244 2387 Evroult
1259 2360 1313 2387 est
1328 2353 1413 2387 bien
1431 2353 1627 2388 inferieure
1646 2366 1728 2389 sous
1747 2354 1780 2389 le
1797 2355 1932 2391 double

527 2419 676 2458 rapport
693 2411 738 2446 de
759 2411 999 2446 l'anciennete
1020 2419 1056 2447 et
1073 2412 1118 2447 de
1137 2413 1170 2447 la
1188 2414 1360 2460 critique,
1382 2415 1401 2447 ἐι
1420 2412 1508 2447 66116
1520 2425 1591 2460 que
1612 2414 1788 2449 Mabillon
1817 2428 1837 2450 a
1861 2429 1932 2462 pu—

525 2471 619 2505 bliee
645 2471 734 2505 dans
753 2470 803 2505 les
827 2472 926 2506 Acta
950 2473 1017 2506 SS.
1047 2472 1136 2507 Ord.
1169 2474 1206 2507 S.
1233 2473 1440 2516 Benedicti,
1466 2473 1581 2507 saecul.
1614 2485 1642 2516 1,
1668 2473 1809 2521 d'aprcs
1838 2475 1933 2510 deux

527 2530 743 2564 manuscrits
762 2529 812 2564 du
839 2531 908 2565 Bec
933 2538 970 2565 et
997 2531 1042 2565 de
1063 2532 1240 2567 Conches.
1260 2533 1346 2567 C’en
1362 2539 1415 2566 est
1434 2532 1637 2578 cependant
1654 2532 1687 2567 la
1711 2535 1813 2581 copie
1832 2535 1932 2570 litte-

528 2589 600 2624 rale
618 2601 711 2635 pour
728 2596 811 2623 tous
827 2589 876 2623 les
891 2591 1012 2635 points
1027 2592 1075 2625 ou
1088 2591 1172 2626 elles
1192 2604 1228 2626 se
1242 2599 1490 2626 rencontrent.
1510 2592 1594 2626 Afin
1610 2592 1654 2627 de
1672 2601 1803 2629 mettre
1816 2595 1850 2629 16
1865 2595 1939 2630 lec—

527 2656 609 2683 teur
627 2650 647 2682 a
662 2650 788 2695 portee
807 2648 852 2683 de
868 2648 1075 2697 distinguer
1091 2650 1141 2684 du
1158 2652 1316 2698 premier
1334 2663 1428 2698 coup
1451 2651 1549 2686 d’oeil
1570 2652 1620 2686 les
1638 2653 1936 2701 interpolationis,

527 2720 618 2743 nous
643 2707 831 2755 placei-ons
862 2716 964 2744 entre
983 2710 1077 2744 deux
1098 2711 1302 2757 guillemets
1331 2711 1382 2745 les
1401 2713 1645 2759 paragraphes
1663 2722 1906 2760 appartenant
1921 2719 1940 2750 a

528 2768 560 2802 la
578 2768 731 2815 legende
755 2768 932 2815 originale
954 2776 991 2803 et
1011 2782 1100 2804 nous
1119 2772 1330 2816 separerons
1350 2784 1414 2818 par
1427 2772 1490 2806 des
1508 2775 1741 2819 parentheses
1762 2774 1811 2809 les
1834 2775 1938 2810 addi-

531 2828 626 2863 tions
643 2840 689 2862 ou
710 2828 758 2862 les
777 2828 956 2863 variantes
980 2840 1050 2875 que
1070 2842 1127 2865 ces
1147 2831 1282 2865 menies
1302 2832 1545 2877 paragraphes
1563 2835 1830 2877 presenteront.
