2085 3455
575 314 647 349 122
932 312 1169 351 HISTORIA
1202 312 1598 350 ECCLEs‘lAS'J‘lCA.

568 408 690 453 mnt,
715 408 765 443 ut
787 397 887 444 haec
905 398 1171 453 audierunt,
1193 399 1449 445 Dominum
1468 399 1618 444 Deum
1639 398 1858 457 Sabaoth,
1883 403 1960 463 qui

567 490 671 519 suos
693 489 878 536 semper
901 475 1187 532 consolatur,
1216 473 1616 538 glorificaverunt.

631 550 765 596 Tunc
787 550 1022 596 Guarinus
1045 551 1185 597 abbas
1212 552 1428 598 Uticense
1451 549 1725 597 coenobium
1747 551 1961 615 regebat,

568 639 613 674 et
643 627 889 690 praefatum
926 629 1081 675 virum
1115 646 1202 692 pro
1234 645 1400 692 magna
1431 627 1703 686 devotione,
1738 646 1828 692 qua
1855 645 1963 692 erga

567 705 717 750 Deum
740 704 973 763 fervebat,
1006 705 1308 752 vehementer
1333 704 1581 768 diligebat,
1614 715 1660 750 et
1685 715 1965 751 veneranter

566 780 846 828 honorabat.
876 781 1004 827 Idem
1034 798 1234 846 namque
1257 792 1389 844 pater
1419 797 1525 844 erga
1557 782 1639 827 Dei
1667 781 1844 827 cultum
1871 782 1966 827 ser-

566 857 697 904 vidus
731 869 858 915 erat,
899 869 1038 922 atque
1074 857 1337 923 hujusmodi
1377 857 1614 904 sediminis
1646 859 1879 921 specimen
1916 859 1962 904 in

565 934 752 980 assiduis
772 935 1185 981 exercitationibus
1215 933 1436 998 agitabat.
1465 934 1724 997 Religiosos
1753 933 1965 980 homines

566 1010 852 1068 honorabat,
883 1010 1063 1075 sibique
1087 1022 1358 1057 reverenter
1382 1010 1685 1074 praeferebat,
1713 1009 1965 1075 studiisque

565 1087 700 1132 bonis
719 1088 916 1134 solerter
932 1088 1209 1142 inhaqrebat.
1229 1090 1330 1151 lpse
1350 1089 1593 1144 nimirum,
1614 1088 1825 1152 quamvis
1845 1089 1964 1152 peri-

565 1163 624 1208 tia
639 1163 906 1209 litterarum
922 1163 1174 1211 admodum
1188 1164 1393 1210 imbutus
1409 1177 1541 1221 esset,
1559 1182 1652 1211 sese
1668 1165 1962 1220 humiliabat,

563 1249 607 1284 et
642 1239 894 1301 postposita
929 1241 1183 1304 magisterii
1219 1239 1472 1304 dignitate,
1505 1241 1562 1287 ad
1585 1241 1765 1288 diversa
1788 1243 1961 1298 officia,

562 1333 665 1379 quae
689 1315 957 1379 junioribus
987 1327 1288 1380 competunt,
1326 1318 1454 1363 velut
1481 1335 1600 1364 unus
1630 1336 1684 1364 ex
1714 1319 1803 1365 illis
1831 1319 1965 1365 avide

562 1392 811 1450 currebat,
848 1393 1160 1458 alacriterque
1196 1410 1448 1458 peragens,
1476 1394 1709 1442 laudabile
1749 1396 1964 1460 subjectis

561 1469 827 1533 exemplum
863 1470 1130 1517 exhibebat.
1170 1472 1370 1518 Staturae
1407 1471 1596 1536 quidem
1633 1472 1879 1520 mediocris
1917 1486 1963 1519 et

560 1546 746 1610 gracilis
771 1565 823 1593 ac
852 1548 1131 1595 macilentus
1157 1559 1280 1607 erat,
1307 1549 1532 1613 agilisque
1553 1549 1610 1596 ad
1638 1550 1795 1596 omnia
1826 1567 1961 1596 com-

560 1624 722 1681 moda,
749 1636 913 1689 utpote
938 1627 1018 1690 qui
1046 1627 1341 1690 corpulentia
1366 1627 1496 1673 nulla
1519 1627 1821 1691 gravabatur,
1847 1645 1963 1691 pro-

559 1701 768 1765 perabat.
805 1702 881 1748 Ab
913 1704 1014 1749 aliis
1041 1703 1274 1751 doctrinae
1301 1715 1347 1750 et
1382 1704 1704 1751 instructionis
1735 1704 1959 1762 verbum,

560 1778 835 1826 humilitatis
875 1798 1034 1838 causa,
1072 1781 1239 1845 cupide
1273 1781 1514 1839 audiebat,
1555 1793 1600 1828 et
1638 1783 1878 1829 multoties
1912 1800 1961 1829 ea

560 1857 723 1913 etiam,
755 1875 859 1922 quae
886 1859 1053 1905 melius
1079 1870 1300 1917 noverat,
1330 1877 1353 1904 a
1379 1858 1571 1922 paribus
1598 1861 1668 1906 vel
1696 1878 1720 1906 a
1747 1859 1963 1925 subjectis

558 1932 810 1997 diligenter
830 1934 1122 1999 inquirebat,
1142 1946 1282 2000 atque
1302 1936 1430 1982 velut
1448 1935 1700 2000 discipulus
1719 1936 1962 1983 humiliter

559 2010 865 2058 auscultabat.
895 2012 1179 2077 Eloquentia
1210 2013 1258 2059 in
1280 2013 1558 2060 disserendis
1583 2013 1864 2061 lectionibus
1886 2013 1962 2060 di-

560 2089 681 2135 vinae
709 2090 824 2154 legis
849 2090 1056 2137 ubertim
1077 2090 1320 2149 affluebat,
1351 2103 1397 2138 et
1421 2091 1650 2155 profunda
1675 2103 1962 2157 syntagmata

560 2165 711 2213 lucide
736 2166 988 2215 discutiens
1011 2168 1264 2216 reserabat.
1295 2167 1579 2216 Adolescens
1602 2170 1698 2216 sere
1722 2187 1844 2216 xxm
1873 2188 1962 2216 an-

560 2258 734 2289 norum
774 2243 830 2290 ad
873 2244 1208 2292 monachatum
1244 2245 1400 2302 venit,
1449 2246 1496 2291 in
1536 2262 1631 2310 quo
1674 2262 1784 2292 XLVI
1829 2245 1963 2292 annis

560 2336 742 2366 summo
768 2322 866 2385 regi
895 2322 1117 2369 militavit
1140 2323 1235 2385 (ι),
1264 2323 1534 2387 ingeniique
1560 2323 1733 2387 sagacis
1751 2334 1798 2369 et
1815 2322 1960 2369 seduli

560 2394 796 2444 sediminis
824 2400 1140 2446 emolumenta
1168 2400 1375 2446 metricis
1399 2399 1686 2447 carminibus
1715 2412 1763 2447 et
1787 2400 1963 2447 dicaci-

560 2471 646 2517 bus
662 2473 892 2536 epistolis,
915 2477 1106 2541 aliisque
1124 2475 1371 2523 dictatibus
1392 2477 1674 2539 propalavit.
1698 2477 1772 2522 Ex
1794 2477 1963 2541 quibus

563 2565 706 2594 unum
746 2551 1027 2598 miraculum
1066 2553 1173 2599 huic
1208 2564 1371 2600 nostro
1408 2553 1536 2599 nitor
1570 2553 1735 2599 libello
1773 2553 1958 2610 indere,

605 2687 654 2731 (i)
679 2686 729 2720 Ce
756 2689 982 2735 paragraphe
1007 2701 1027 2723 a
1052 2691 1108 2724 ete
1133 2692 1223 2725 e'crit
1248 2692 1350 2737 apres
1372 2690 1403 2724 la
1425 2697 1521 2724 mort
1543 2690 1586 2725 de
1604 2690 1720 2725 l'abbc
1738 2691 1881 2726 Gucrin
1900 2691 1961 2725 des

562 2745 716 2788 Esseni-ts,
742 2746 805 2793 qui
828 2747 943 2782 arriva
966 2748 998 2782 lc
1019 2761 1055 2783 21
1078 2750 1159 2794 juin
1183 2749 1279 2798 1157.
1301 2750 1331 2784 11
1352 2750 1442 2784 avait
1462 2749 1554 2785 alors
1573 2751 1802 2786 soixante-six
1825 2763 1903 2794 ans,
1927 2758 1959 2785 ct

560 2817 603 2838 vn
623 2805 713 2839 avait
731 2808 830 2852 passe
848 2809 1097 2852 quarante-six
1119 2809 1205 2843 dans
1225 2809 1255 2844 lc
1277 2810 1402 2844 cloitrc
