2033 3445
81 240 295 287 [58:2-596]
588 234 739 272 LIBER
768 233 975 271 SEX'sUs.
1434 238 1484 272 79

147 347 168 368 «
192 324 414 384 Quaedam
441 321 811 377 materfamilias,
841 337 983 383 quam
1006 320 1162 364 nuilus
1187 321 1481 368 medicorum

79 420 241 449 sanare
265 411 470 465 poterat,
496 398 650 445 audita
673 398 792 444 sama
816 398 1048 443 virtutum
1075 397 1329 444 beatissimi
1364 401 1480 456 viri,

78 481 225 543 poscit.
257 480 351 542 ejus
385 476 623 522 fimbriam
645 474 732 520 sibi
759 492 846 538 per
872 475 1096 520 nuntium
1119 473 1297 520 afferri.
1335 475 1482 534 Quam

77 574 183 603 cum
207 554 462 617 acciperet,
494 553 586 616 ipsa
611 551 937 598 infirmitatem
961 552 1128 607 evasit,
1156 562 1202 597 et
1224 551 1300 597 alii
1323 569 1485 616 quam—

77 633 245 695 plures
266 631 388 676 Eece
410 628 616 675 medicus
641 629 909 685 laudabilis,
938 629 1016 692 qui
1043 645 1249 691 praesens
1274 646 1485 692 praesen-

77 708 199 754 tibus
217 708 440 755 beneficia
465 708 673 753 sanitatis
700 708 934 770 impertit,
962 717 1008 752 et
1029 705 1193 752 absens
1214 705 1484 752 absentibus

78 785 199 832 idem
214 784 436 832 exhibere
450 801 551 831 non
568 784 761 831 desistit.
786 784 1007 830 Sentiunt
1023 784 1269 839 virtutem,
1291 784 1371 847 qui
1390 785 1484 846 ejus

75 880 170 910 non
196 879 370 909 novere
391 862 573 908 faeiem.
600 883 621 905 »

138 939 496 986 confluentibus
535 939 689 1003 itaque
731 939 788 985 ad
830 956 937 985 eum
977 939 1207 985 universis
1249 941 1389 986 certis
1429 957 1483 986 ex

76 1017 448 1075 necessitatibus,
475 1016 664 1063 advenit
686 1018 826 1063 etiam
852 1018 976 1063 inter
1001 1034 1078 1063 eos
1101 1034 1158 1063 ex
1178 1018 1264 1062 alia
1292 1018 1484 1081 regione

73 1095 263 1160 quidam
290 1096 618 1159 pauperculus.
654 1095 805 1155 Quem
834 1114 941 1142 cum
969 1096 1099 1142 omni
1132 1113 1333 1159 corpore
1361 1107 1484 1142 atte—

75 1184 269 1218 nuatum
288 1189 344 1218 ex
362 1172 505 1218 nimia
532 1172 805 1218 infirmitate
818 1209 830 1228 ‚
857 1184 902 1218 et
923 1183 1170 1218 curvatum
1187 1189 1326 1235 super
1346 1191 1481 1219 crura

74 1250 305 1312 piissimus
341 1266 479 1295 senex
516 1261 731 1295 cerneret
768 1248 1007 1304 incedere,
1043 1249 1162 1295 dixit
1195 1271 1204 1294 z
1239 1247 1479 1313 Osrater,

75 1327 308 1390 quomodo
332 1327 530 1372 valuisti
560 1327 810 1390 explicare
835 1339 1014 1372 tantu-m
1047 1327 1254 1373 laborem
1277 1330 1477 1378 itineris,

75 1422 180 1449 cum
217 1415 351 1449 tanta
388 1403 635 1449 debilitate
669 1403 938 1467 afficiaris?
974 1404 1055 1449 Cui
1099 1405 1176 1451 ille
1205 1425 1214 1449 :
1248 1405 1477 1462 Gemina,

76 1481 251 1545 inquit,
275 1482 551 1528 necessitate
575 1481 871 1544 compulsas,
903 1492 1059 1537 tuam,
1096 1482 1318 1538 Domine,
1342 1501 1481 1528 sanc—

70 1561 247 1604 titatem
296 1558 481 1605 decrevi
525 1558 660 1603 adire
705 1578 714 1603 :
756 1559 977 1604 videlicet
1021 1570 1070 1603 ut
1114 1571 1156 1604 ct
1189 1559 1479 1623 famelicum

68 1638 236 1693 saties,
274 1647 317 1681 et
348 1635 595 1681 mediceris
628 1637 863 1700 infirmum
895 1646 1123 1699 potestate
1156 1654 1252 1700 qua
1279 1654 1481 1701 pt‘oeva—

69 1713 152 1759 les.
197 1713 348 1774 Quem
389 1731 497 1759 cum
539 1714 602 1758 ibi
644 1712 848 1759 residere
883 1712 1095 1777 juberet,
1137 1715 1365 1760 continuo
1404 1733 1480 1760 sa-

72 1809 185 1837 num
203 1790 430 1848 reddidit,
459 1802 505 1837 et
526 1791 697 1837 faciens
718 1791 1028 1848 monachum,
1059 1791 1364 1840 hortolanum
1383 1810 1478 1839 esse

68 1869 306 1932 praecepit.
343 1871 502 1933 Itaque
535 1870 613 1933 qui
651 1868 745 1915 duo
779 1870 1010 1932 petiturus
1037 1869 1314 1928 advenerat,
1352 1872 1479 1916 trino

68 1962 264 1992 munere
291 1963 337 1991 se
367 1946 534 1993 donari
569 1947 748 2010 gavisus
780 1958 862 1992 est.
902 1947 1054 1993 Famis
1086 1949 1239 2013 itaque
1273 1948 1479 2012 effugato

68 2024 304 2087 periculo,
343 2025 678 2071 incolumitatis
709 2026 890 2071 invenit
922 2026 1207 2082 remedium,
1236 2038 1280 2072 et
1311 2044 1477 2073 emen-

67 2100 260 2148 datioris
285 2103 393 2148 vitae
417 2101 610 2165 adeptus
635 2113 702 2149 est
727 2104 1036 2166 propositum.

134 2199 156 2223 «
184 2179 316 2226 Alius
339 2197 526 2244 quoque
550 2197 744 2244 pauper,
765 2199 872 2228 cum
897 2182 1144 2229 incolumis
1163 2183 1389 2239 venisset,
1413 2184 1478 2227 si-

67 2255 264 2301 mulavit·
286 2273 332 2302 se
356 2268 590 2321 aegrotum
621 2270 667 2304 et
701 2258 828 2322 quasi
864 2270 1189 2316 contractum,
1218 2270 1269 2304 ut
1300 2259 1476 2323 aliquid

67 2333 265 2396 amplius
292 2334 414 2380 inter
438 2335 549 2381 alios
574 2336 822 2398 acciperet.
858 2334 946 2382 Sed
971 2354 1084 2383 mox
1113 2347 1164 2382 ut
1192 2335 1250 2382 ab
1287 2336 1477 2384 homine

66 2410 150 2456 Dei
175 2411 514 2474 eleemosynam
539 2415 762 2477 suscepit,
792 2413 920 2460 febre
946 2432 1193 2461 concussus
1223 2426 1315 2469 est,
1350 2414 1476 2480 quod

67 2486 267 2535 finxerat
297 2491 466 2536 certius
498 2492 537 2537 ei
571 2492 900 2556 contingente3
936 2493 1262 2558 consessusque
1298 2494 1344 2539 in
1377 2493 1476 2556 ipso

68 2569 351 2614 monasterio
368 2586 460 2614 suae
481 2571 722 2632 pravitatis
743 2571 990 2618 consilium
1004 2609 1016 2629 ,
1041 2572 1160 2618 infra
1186 2588 1355 2635 paucos
1380 2570 1476 2617 dies

69 2644 221 2689 emisit
244 2645 478 2708 spiritum.
508 2669 528 2688 n

134 2720 262 2767 luter
284 2721 382 2770 haec
403 2724 545 2787 igitur
569 2727 799 2771 virtutum
824 2726 1038 2790 insignia,
1060 2744 1166 2772 cum
1187 2728 1282 2789 jam
1302 2726 1472 2771 Christi
