2085 3455
584 293 631 331 48
943 292 1179 329 His'sORlA
1211 290 1607 328 ECCLESIASTICA.

582 379 660 425 sed
676 379 822 426 vivaci
847 380 1018 425 virtute
1043 379 1292 442 spiritualis
1316 379 1469 441 patrui
1489 377 1711 424 nobiliter
1736 389 1965 440 ereptum,

583 456 682 519 (qui
698 456 898 501 Vinctus
910 455 981 501 vel
995 454 1264 501 Declinatio
1281 455 1652 519 interpretatur),
1668 454 1863 500 earnalis
1877 455 1970 500 ani-

580 548 682 577 mus
699 547 778 577 seu
797 529 999 577 bestialis
1020 530 1216 593 populus
1240 529 1542 592 significatur,
1568 530 1646 593 qui
1672 531 1717 575 in
1738 529 1965 585 Sodomis,

582 607 626 653 id
651 619 717 653 est
734 606 1085 653 delectabilibus
1101 605 1308 669 flagitiis,
1337 605 1630 669 illaqueatur,
1659 617 1704 652 et
1721 623 1844 652 nexu
1863 623 1966 669 pec—

580 685 667 730 cati
688 685 886 740 vinctus,
909 701 931 729 a
951 684 1048 728 Deo
1067 681 1320 738 declinans,
1341 699 1364 726 a
1384 682 1598 746 malignis
1616 682 1855 746 spiritibus
1872 701 1969 745 cap—

578 761 767 806 tivatur.
794 761 882 805 Per
898 761 1043 805 socios
1069 758 1235 815 Abrae,
1256 760 1335 823 qui
1359 776 1583 823 pugnasse
1597 761 1834 824 leguntur,
1856 760 1970 805 fide-

578 838 642 884 les
666 837 768 882 laici
790 837 891 898 jure
927 836 1272 899 intelliguntur,
1305 837 1384 899 qui
1415 837 1542 899 jussu
1576 837 1670 900 ejus
1705 837 1968 898 portionem

577 914 847 960 exuviarum
871 912 957 958 sibi
977 913 1218 976 sumpsisse
1235 914 1504 958 reseruntur
1537 913 1610 960 Sic
1629 913 1752 958 enim
1779 913 1827 958 in
1846 912 1970 959 libro

578 992 807 1037 Geueseos
844 991 1069 1053 scriptum
1106 1001 1172 1036 est
1207 1011 1216 1035 ε
1255 990 1397 1035 Discit
1431 1008 1515 1035 rex
1560 989 1871 1036 Sodomorum
1905 991 1973 1036 ad

577 1068 756 1114 Abram
780 1086 790 1113 :
818 1067 900 1113 Da
925 1067 1039 1112 mihi
1073 1070 1287 1120 animas‚·
1313 1078 1482 1114 coetera
1509 1067 1614 1112 tolle
1638 1067 1733 1113 tibi.
1773 1068 1874 1130 Qui
1897 1085 1970 1112 re—

575 1146 768 1210 spondit
782 1146 828 1190 ei
849 1164 860 1189 .·
880 1145 993 1191 Non
1014 1146 1253 1209 accipiam
1272 1145 1535 1207 quidquam
1554 1162 1614 1189 ex
1634 1144 1846 1190 omnibus
1866 1162 1970 1207 qzioe

576 1235 661 1269 tua
695 1233 831 1280 ςῑιηι,
858 1223 1075 1287 exceptis
1105 1223 1177 1267 his
1210 1239 1318 1284 quc&
1348 1222 1649 1268 comederunt
1675 1224 1895 1286 juvenes,
1929 1234 1971 1267 et

572 1300 789 1366 partibus
815 1300 1022 1345 virorum
1046 1303 1124 1364 qui
1146 1310 1371 1345 venerant
1389 1317 1597 1345 mecam:
1619 1303 1772 1355 Aner,
1793 1300 1965 1355 Escol,

577 1388 620 1422 et
645 1376 892 1430 illatnbrcn
925 1377 1005 1422 isti
1031 1377 1276 1440 accipiant
1296 1387 1454 1439 partes
1479 1379 1621 1422 suas!
1658 1377 1727 1439 (ι)
1754 1376 1970 1440 Plerique

576 1455 803 1501 laicorum
828 1454 1078 1499 mansuetis
1103 1464 1149 1498 et
1173 1452 1393 1499 modestis
1419 1452 1631 1499 moribus
1657 1452 1966 1509 adornantur,

575 1531 665 1577 fide
700 1542 745 1577 et
780 1530 902 1577 bona
943 1530 1183 1576 voluntate
1218 1531 1429 1593 perfectis
1460 1530 1630 1576 Christi
1663 1529 1969 1578 bellatoribus

575 1607 910 1672 adjunguntur,
947 1608 1101 1671 eisque
1138 1607 1185 1653 in
1214 1606 1448 1653 daemones
1483 1607 1684 1653 viriliter
1713 1608 1970 1671 pugnanti-

574 1683 660 1729 bus
684 1683 954 1747 benigniter
980 1683 1385 1746 congratulantur.
1413 1683 1597 1746 Fragile
1631 1693 1783 1729 tamen
1817 1700 1969 1728 saecu-

575 1761 675 1807 lum
730 1778 827 1808 non
884 1761 1185 1824 relinquunt,
1229 1761 1426 1807 omnino
1469 1759 1704 1806 mundana
1758 1758 1968 1806 deserere

575 1838 771 1895 nolunt,
805 1837 883 1884 sed
919 1837 1055 1901 legali
1088 1838 1304 1902 conjugio
1337 1836 1629 1892 deserviunt,
1663 1837 1775 1901 legis
1814 1848 1968 1883 trans-

574 1914 887 1980 gressionibus
920 1915 1070 1961 Deum
1106 1916 1154 1961 in
1188 1915 1346 1961 multis
1370 1913 1638 1971 offendunt,
1669 1914 1968 1977 eleemosynis

1193 2091 1200 2109 Ι

623 2125 672 2169 (1)
692 2124 791 2158 Nous
808 2134 916 2157 avons
935 2134 980 2156 eu
994 2122 1073 2168 deja
1087 2122 1265 2168 plusieurs
1282 2122 1347 2156 fois
1367 2121 1554 2156 l'occasion
1573 2121 1618 2155 de
1634 2120 1787 2168 signaler
1805 2120 1969 2155 l'inexac-

576 2183 694 2218 titude
713 2183 775 2217 des
797 2193 960 2229 passages
978 2181 1022 2216 de
1041 2181 1073 2216 la
1098 2180 1200 2215 Bible
1223 2181 1310 2216 cites
1328 2193 1392 2227 par
1416 2187 1519 2215 notre
1539 2188 1678 2215 auteur.
1705 2179 1862 2214 Celui-ci
1891 2179 1967 2214 doit

577 2245 654 2279 etre
672 2243 801 2278 retabli
820 2242 865 2277 de
882 2242 915 2277 la
935 2243 1094 2276 manici-e
1114 2242 1273 2276 suivante
1291 2258 1296 2274 :

624 2303 728 2337 Dixit
746 2307 866 2336 autem
890 2313 955 2336 rex
977 2300 1213 2336 Sodomorum
1229 2300 1281 2334 ad
1295 2300 1486 2334 Abraham
1509 2315 1515 2331 :
1536 2298 1595 2333 Da
1614 2298 1702 2332 mihi
1715 2299 1878 2337 animas,>
1898 2310 1968 2331 σα]-

579 2368 655 2396 tera
675 2363 758 2395 tolle
773 2361 850 2394 tibi.

629 2422 698 2467 Qui
713 2418 898 2465 respondit
921 2421 954 2453 ei
973 2436 979 2452 :
1007 2419 1102 2453 Levo
1122 2432 1269 2453 manum
1292 2431 1407 2453 meam
1426 2417 1477 2452 ad
1495 2418 1689 2453 Dominum
1708 2417 1825 2451 Deum
1850 2417 1968 2451 excel—

579 2492 657 2513 sum
668 2508 674 2522 ‚
687 2491 931 2525 possessorem
946 2479 1027 2512 coelz·
1044 2484 1078 2512 et
1092 2484 1210 2512 terrae.

629 2538 733 2584 Quod
749 2539 852 2584 afilo
871 2538 1108 2583 subtegminis
1130 2550 1241 2584 usque
1258 2537 1310 2571 ad
1323 2538 1513 2583 corrigiam
1532 2536 1677 2582 caligae,
1697 2547 1769 2569 non
1794 2536 1969 2580 accipiam

579 2611 625 2633 ex
641 2597 806 2632 omnibus
823 2610 905 2643 quoe
921 2603 983 2631 tua
1002 2603 1105 2640 sunt,
1126 2610 1170 2631 ne
1188 2597 1290 2631 dicas
1306 2614 1313 2629 .·
1333 2597 1418 2642 Ego
1438 2595 1562 2630 dotavi
1576 2595 1612 2629 A
1617 2594 1779 2629 braham.

623 2659 802 2703 Exceptis
820 2657 875 2691 lzis
893 2670 974 2703 quoe
990 2657 1221 2692 comederunt
1235 2658 1401 2704 juvenes,
1421 2663 1455 2690 et
1468 2656 1635 2702 partibus
1653 2657 1813 2690 virorum
1832 2656 1895 2700 qui
1908 2666 1969 2688 ve-

580 2724 710 2753 nerunt
728 2730 863 2751 mecum
882 2734 888 2749 .-
910 2718 1023 2761 Ancr,
1043 2719 1158 2752 Esco]
1175 2725 1207 2752 et
1228 2717 1415 2755 Mamer
1442 2719 1502 2750 isti
1521 2718 1696 2762 accipient
1711 2720 1836 2760 partes
1862 2718 1969 2748 suas]

579 2778 671 2813 Gen.
692 2789 762 2819 xiv,
785 2779 908 2818 ‘zi-24.
