2085 3455
586 347 654 384 {14
939 345 1178 383 HISTORIA
1212 343 1611 382 ECCLESIASTICA.
1705 344 1972 391 [1050-1057]

579 449 690 479 vero
717 433 937 495 temporis
963 433 1043 494 (ut
1065 433 1109 477 in
1135 431 1272 477 tertio
1296 431 1430 495 hujus
1455 430 1610 493 operis
1629 427 1753 474 libro
1772 429 1973 491 pleniter

579 520 790 557 notatum
803 511 909 572 est),
923 527 947 555 a
959 509 1155 572 praesato
1167 508 1423 555 Guillelmo
1440 518 1484 554 et
1498 505 1721 553 fratribus
1732 523 1784 552 ac
1796 507 1976 568 nepoti-

577 586 661 633 bus
681 588 775 651 ejus
795 587 1010 633 Uticense
1029 585 1301 633 coenobium
1322 596 1524 631 restaura
1533 596 1632 631 tum
1646 594 1730 641 est,
1749 594 1795 630 et
1814 582 1975 630 labore

576 664 821 729 studioque
840 663 1284 710 Gemmeticensium
1304 662 1585 726 regulariter
1605 662 1871 707 institutum
1887 670 1970 706 est..

641 742 779 787 Anno
794 739 1023 804 siquidem
1041 739 1301 786 Dominicae
1323 738 1658 785 incarnationis
1679 747 1730 783 Μ0
1743 746 1787 784 L⁰
1800 750 1850 794 1⁰,
1865 738 1976 783 Teo·

574 819 778 874 dei—icus,
802 816 1186 864 Gemmeticensis
1208 815 1463 863 monachus
1483 815 1572 877 (1),
1596 814 1795 860 ahbatiae
1814 832 1973 860 curam

575 895 799 957 suscepit,
822 905 868 940 et
893 893 1179 957 neophytum
1207 909 1399 956 gregem
1422 908 1507 955 per
1534 903 1642 938 octo
1661 908 1807 938 annos
1831 891 1907 954 pie
1931 901 1977 937 et

576 970 832 1034 prudenter
857 970 1094 1027 educavit,
1122 981 1260 1034 atque
1284 968 1540 1016 secundum
1564 985 1783 1015 normam
1808 968 1855 1013 S.
1884 968 1975 1014 Be-

574 1047 744 1094 nedicti
791 1047 1032 1093 ambulare
1077 1047 1123 1092 in
1168 1047 1269 1109 lege
1311 1046 1503 1092 Domini
1549 1044 1755 1108 digniter
1796 1043 1971 1091 docuit.

573 1124 750 1170 Deinde
780 1125 860 1186 (ut
886 1124 934 1169 in
959 1122 1334 1187 praecedentibus
1365 1121 1545 1169 dictum
1574 1123 1667 1184 est)
1698 1138 1816 1167 onus
1848 1121 1971 1185 regi-

574 1201 712 1246 minis
749 1199 992 1256 fastidivit,
1020 1200 1201 1245 moestis
1243 1199 1520 1262 praesulibus
1543 1219 1552 1243 ε
1577 1198 1798 1244 Maurilio
1831 1198 1976 1244 Roto-

573 1278 779 1342 magensi
800 1288 847 1323 et
864 1278 1062 1340 Hugone
1080 1278 1353 1323 Lexoviensi
1380 1277 1508 1323 ultro
1531 1276 1765 1340 deposuit,
1792 1286 1974 1321 terrena

572 1372 796 1418 spernens
820 1354 1011 1400 exilium
1039 1354 1196 1417 petiit,
1223 1354 1557 1418 coelestemque
1579 1353 1833 1399 Jerusalem
1860 1351 1975 1398 desi-

571 1433 763 1489 demus,
789 1443 1060 1479 terrestrem
1079 1432 1238 1478 videre
1259 1431 1506 1478 laboravit.
1530 1431 1741 1477 Tandem
1760 1431 1804 1476 in
1824 1431 1976 1493 Cypro

575 1511 720 1557 insula
756 1511 802 1556 in
835 1511 1025 1557 ecclesia
1059 1511 1105 1555 S.
1138 1510 1316 1556 Nicolai
1352 1520 1460 1556 ante
1497 1509 1643 1555 altare
1675 1509 1768 1554 kal.
1796 1508 1973 1572 augusti

572 1588 714 1645 obiit,
752 1588 909 1652 ibique
942 1606 964 1634 a
1001 1598 1236 1633 conventu
1272 1587 1612 1634 monachorum
1644 1585 1975 1632 venerabiliter

573 1665 757 1728 sepeliri
786 1664 984 1721 meruit,
1016 1675 1061 1709 et
1085 1663 1407 1727 frequentibus
1432 1663 1668 1709 miraculis
1695 1663 1740 1708 in
1765 1672 1975 1726 aegroto—

575 1760 681 1789 rum
720 1741 1040 1789 curationibus
1079 1743 1337 1788 coruscavit
1370 1742 1457 1804 (2).
1502 1741 1753 1788 Heroicum
1789 1757 1975 1804 quoque

573 1837 711 1883 super
739 1820 819 1866 illo
845 1818 1135 1882 epitaphium
1158 1819 1221 1864 sic
1246 1818 1366 1864 edidi
1393 1838 1402 1862 ε

759 1926 955 1961 Ecclesiam
974 1926 1114 1972 primus
1134 1925 1345 1960 Uticensem
1364 1925 1587 1960 Teodericus

758 1984 882 2027 Rexit,
903 1990 939 2018 et
957 1983 1104 2018 edocuit
1122 1983 1214 2017 bona
1233 1995 1309 2030 quae
1326 1984 1425 2029 prius
1446 1983 1521 2029 ipsc
1541 1983 1692 2029 peregit.

760 2044 876 2078 Annis
897 2043 1043 2077 tricenis
1061 2043 1297 2076 monachatus
1317 2043 1391 2088 ipse
1410 2041 1569 2089 rigorem

760 2102 901 2144 Gessit,
924 2108 960 2136 et
978 2102 1015 2135 in
1035 2102 1190 2136 Satanan
1208 2101 1375 2136 tolcravit
1390 2108 1537 2136 ovanter
1555 2113 1720 2147 agonem.

761 2160 933 2196 Officium
953 2162 1066 2207 patris
1081 2162 1221 2195 octonis
1239 2159 1289 2206 (3)
1307 2161 1468 2195 exercuit
1484 2161 1604 2201 annis,

758 2221 860 2255 Inter
879 2221 1076 2263 silvestres,
1098 2221 1158 2255 ubi
1179 2233 1317 2267 pauper
1335 2221 1486 2263 mansit,
1508 2221 1682 2254 homones
1700 2221 1749 2263 (4)

761 2280 856 2325 lpse,
880 2289 988 2313 manu
1009 2280 1154 2326 propria
1174 2279 1365 2313 scribendo
1384 2279 1565 2313 volumina
1587 2277 1708 2324 plura,

1900 2378 1974 2385 ρ-«Λ

619 2444 670 2488 (i)
692 2443 811 2488 Voyez
830 2441 1025 2482 ci-„tossus,
1049 2449 1074 2476 t.
1095 2442 1149 2483 It,
1172 2455 1207 2488 p.
1234 2441 1283 2476 18.
1308 2441 1336 2475 ll
1354 2454 1375 2487 y
1393 2454 1411 2474 a
1432 2440 1477 2474 ici
1501 2451 1571 2474 une
1590 2450 1717 2473 erreur
1739 2438 1825 2471 d’un
1847 2450 1902 2471 an.
1927 2437 1977 2471 Ce

575 2514 620 2535 ne
637 2502 692 2536 fut
710 2513 770 2548 pas
790 2513 833 2535 en
856 2499 953 2542 1051,
972 2512 1111 2534 comme
1131 2500 1290 2535 Orderie
1308 2500 1340 2533 lc
1359 2499 1413 2533 dit
1429 2511 1474 2533 en
1492 2511 1531 2532 cc
1550 2504 1729 2539 moment,
1750 2496 1838 2530 mais
1854 2508 1897 2529 cn
1915 2507 1976 2528 oc—

576 2561 678 2595 tobre
703 2559 806 2603 1050,
833 2572 903 2607 quc
931 2559 963 2593 le
987 2559 1238 2594 hienheurenx
1264 2559 1411 2593 Tliierri
1436 2558 1480 2591 de
1504 2556 1712 2591 Matonville
1736 2556 1790 2589 snt
1814 2553 1940 2601 appele
1959 2556 1976 2587 ii

575 2619 891 2654 l'administration
910 2617 960 2652 du
980 2631 1143 2653 nouveau
1166 2619 1380 2653 nionastcre.

623 2679 671 2725 (9.)
695 2679 814 2724 Voyez
833 2678 1009 2713 ci-dessus
1024 2707 1031 2720 ,
1057 2686 1077 2713 t.
1098 2679 1152 2721 Π,
1173 2692 1207 2726 p.
1228 2678 1285 2713 66.

621 2737 668 2782 (5)
687 2738 769 2773 Ccci
791 2744 844 2771 est
864 2750 995 2772 encore
1020 2751 1091 2772 unc
1115 2751 1256 2772 (ΨΜ-αν.
1280 2736 1407 2771 {sabbe
1425 2735 1572 2769 Tliierri
1593 2747 1636 2769 ne
1657 2745 1838 2779 gouvcrna
1856 2732 1974 2766 Saintss

577 2790 725 2831 Evroult
740 2808 811 2843 que
829 2796 877 2830 du
895 2796 915 2831 5
933 2797 1080 2831 octobre
1105 2796 1190 2831 1050
1209 2809 1251 2831 an
1272 2808 1315 2841 τὶς)
1333 2794 1417 2829 aosit
1441 2793 1540 2828 ¹057.

620 2857 668 2900 (4)
692 2856 785 2889 Lisez
806 2870 810 2888 1
834 2855 1003 2889 bmnium:
