2033 3445
618 305 765 342 LIBER
795 304 1001 357 sEXTUS.
1461 310 1505 346 13

116 391 323 455 Hugonis
345 389 400 434 de
429 388 838 435 Grentemaisnilio
858 390 1143 435 vicecomitis
1168 391 1504 454 Legrecestrae,

115 486 220 514 eum
231 467 442 513 Guidone
454 465 740 513 Medantensi
757 468 846 530 (1),
862 466 1065 531 ejusdem
1080 468 1332 531 armigero3
1348 469 1507 533 Drogo

115 546 278 600 etiam,
309 544 429 588 filius
460 543 690 589 Goissredi
716 543 772 589 de
801 543 1179 590 Novo-Mereato
1205 545 1297 607 (2),
1326 556 1372 591 et
1409 546 1509 592 Odo

115 622 384 684 Capellanus
407 621 614 675 comitis,
646 619 765 666 filius
785 620 973 666 Ernulfi
1000 621 1228 667 Dolensis.
1257 622 1334 667 Isti
1361 623 1508 668 nimi-

115 717 237 753 rum,
266 698 488 744 instinctu
507 697 701 743 Ernaldi
725 699 824 762 (cuj
834 716 882 743 us
901 709 1115 761 parentes
1131 699 1400 746 Uticensem
1420 699 1508 745 ab-

114 777 285 822 batiam
301 778 707 838 construxerant),
733 776 922 822 Utieum
938 775 1184 835 adierunt,
1209 788 1255 822 et
1278 795 1301 822 a
1322 777 1508 824 Mainc—

114 856 186 901 rio
210 853 376 900 abbate
398 864 638 917 gratanter
663 854 707 899 in
734 855 1019 900 monasterio
1045 855 1240 917 suscepti
1267 866 1392 900 sunt.
1418 855 1505 915 Qui

116 933 256 995 longo
282 942 490 993 tempore
517 931 796 994 renulariter
825 930 997 977 ibidem
1022 932 1281 978 conversati
1306 943 1436 988 sunt,
1464 943 1509 978 et

113 1009 433 1054 ecclesiasticas
447 1025 519 1054 res
540 1007 762 1054 industria
781 1019 824 1054 et
838 1008 1151 1055 sollicitudine
1167 1026 1244 1054 sua
1261 1009 1508 1056 commode

113 1096 358 1131 auxerunt.

176 1162 404 1209 Geroldus
422 1174 574 1209 autem
589 1200 600 1220 ,
625 1164 705 1228 qui
726 1164 842 1210 sieut
861 1164 1007 1226 gallus
1025 1163 1314 1210 dormientes
1333 1166 1376 1210 in
1400 1182 1506 1228 pro-

111 1239 249 1286 funda
266 1251 402 1286 nocte
415 1240 648 1287 cantando
662 1242 849 1297 excitat,
867 1241 993 1287 sicin
1008 1240 1293 1287 obscuritate
1306 1241 1506 1287 Lethaeae

112 1315 362 1362 oblivionis
383 1327 429 1362 et
449 1317 763 1379 profunditate
785 1316 1035 1363 mundialis
1054 1317 1287 1364 illecebrae
1310 1318 1504 1374 illectos,

117 1393 307 1439 xerbum
330 1394 411 1439 Dei
437 1393 660 1450 serendo,
687 1394 741 1439 ad
768 1395 961 1440 meliora
987 1395 1242 1450 extulerat,
1276 1412 1369 1441 sese
1402 1406 1508 1441 tan-

112 1470 219 1515 dem
230 1469 434 1532 propriis
451 1470 614 1532 pennis
633 1471 916 1533 percutiens,
937 1489 960 1515 a
979 1481 1170 1533 torpore
1190 1471 1412 1516 vivaciter
1432 1489 1508 1517 ex-

113 1547 274 1601 cussit,
301 1546 645 1609 discipulosque
668 1563 772 1593 suos
799 1546 883 1609 (de
907 1546 1075 1611 quibus
1109 1547 1388 1610 praedictum
1411 1551 1506 1611 est)

113 1640 326 1687 sequens,
349 1624 536 1669 Utictnn
570 1623 698 1669 adire
723 1625 904 1688 sategit.
928 1625 1105 1671 Verum
1126 1626 1312 1672 volente
1335 1627 1433 1672 Deo
1461 1627 1505 1672 in

115 1701 281 1763 Anglia
312 1718 550 1746 remanere
582 1712 766 1747 coactus
799 1713 883 1747 est.
914 1702 1032 1748 Nam
1059 1702 1138 1748 ubi
1175 1703 1406 1749 Guentam
1436 1704 1505 1766 (3)

112 1780 351 1841 pervenit,
385 1779 590 1843 graviter
627 1790 859 1842 aegrotare
891 1781 1065 1842 coepit,
1100 1791 1320 1845 metuque
1342 1781 1508 1827 mortis

115 1857 159 1901 in
179 1857 325 1903 veteri
343 1857 630 1903 monasterio
647 1856 800 1902 Sancti
820 1857 944 1903 Petri
959 1858 1033 1920 (4)
1049 1857 1312 1904 monachile
1324 1858 1506 1906 schema

114 1933 278 1980 devote
302 1934 522 1996 suscepit3
549 1932 721 1997 diuque
751 1933 837 1979 sub
862 1934 1173 1981 Gualchelino
1201 1936 1427 1998 praesule,
1461 1948 1507 1982 et

112 2009 365 2057 Godesrido
390 2011 670 2073 peritissimo
694 2029 746 2058 ac
763 2012 983 2076 religioso
1005 2013 1166 2076 priore
1190 2014 1257 2075 (ὅ)
1282 2014 1507 2078 regulari-

115 2097 183 2132 ter
215 2087 348 2132 vixit.
384 2085 496 2132 Inde
530 2098 635 2150 post
665 2087 854 2152 aliquod
893 2099 1074 2151 tempus
1102 2088 1158 2135 ad
1187 2089 1396 2153 regimen
1425 2107 1507 2137 ec-

158 2324 207 2367 (1)
224 2322 298 2357 Gui
319 2322 362 2356 de
382 2323 514 2356 Manto.

159 2383 209 2426 (2)
236 2381 305 2415 Sur
330 2380 491 2415 Gcoss'roi
519 2380 566 2413 du
596 2381 879 2421 Reus-Marem,
909 2394 1012 2427 roycz
1033 2382 1210 2417 ci-dessus
1238 2391 1262 2417 t.
1290 2384 1343 2425 II,
1375 2397 1408 2430 p,
1447 2396 1507 2418 ιν)

112 2448 148 2475 οῖ
165 2439 245 2487 396.
261 2461 299 2464 —
316 2440 445 2473 Ernnls
460 2439 503 2473 dc
522 2439 586 2473 nol
606 2452 650 2473 cn
671 2441 857 2486 ilretagne.

157 2499 207 2546 (5)
227 2500 473 2534 winchester.

159 2561 207 2605 (4)
226 2561 272 2594 La
291 2559 495 2594 cathedrale
512 2559 557 2593 ‹lc
572 2559 821 2594 winchester.

158 2620 208 2664 (5)
234 2617 409 2653 Godesroi
429 2618 472 2652 de
498 2617 850 2657 Cainl›1·ai,‹i⁷abord
868 2618 994 2664 simple
1011 2620 1131 2654 moine
1148 2622 1166 2654 a
1186 2620 1431 2663 winchester,
1453 2621 1507 2656 sut

114 2678 209 2712 cleve
235 2690 301 2711 aux
325 2677 505 2711 fonctions
528 2677 572 2711 de
592 2678 714 2723 prieur
732 2690 775 2710 en
801 2676 903 2720 ¹082,
929 2677 1072 2725 lorsque
1090 2691 1153 2713 son
1180 2678 1433 2725 predecesseur
1450 2681 1506 2714 Si—

115 2739 238 2778 meon,
260 2737 352 2770 frere
371 2736 414 2770 ‹le
436 2736 592 2783 Fereque
616 2736 842 2783 Vauquelin,
863 2736 917 2770 sut
940 2739 1086 2772 nomme
1108 2738 1198 2773 abbe
1217 2729 1331 2783 d'Ely.
1351 2738 1380 2771 Il
1402 2751 1505 2772 mou-

116 2803 174 2830 rut
188 2809 231 2830 cn
250 2796 365 2831 odeur
383 2796 425 2829 dc
447 2797 615 2837 sainteffi,
634 2796 665 2829 lc
689 2808 731 2842 '²7
750 2796 938 2829 ‹lm-rnilirc
964 2809 1059 2843 ¹¹07·
