2033 3445
60 295 196 343 [1085]
531 297 682 335 LIBER
710 297 975 339 SEPTIMUS.
1384 313 1456 349 183

58 379 222 441 Capuae
239 380 520 444 principem,
541 381 880 429 consobrinum
895 403 1048 443 suum,
1069 391 1301 455 confugit;
1320 412 1343 439 a
1361 414 1457 459 quo

56 454 361 501 amicabiliter
387 468 599 521 receptus
614 494 627 515 ,
657 458 839 506 fraudes
865 472 911 507 et
932 464 1081 509 minas
1114 483 1329 515 novercae
1361 488 1455 518 suae

55 531 209 577 evasit.
242 531 325 577 Illa
350 549 488 590 vero,
524 545 571 580 ul
596 535 882 583 Psalerniam
916 543 1156 602 pervenit,
1195 555 1240 590 et
1272 562 1456 610 egresso

53 624 189 673 quem
225 609 493 672 quaerebat,
532 611 740 659 delusam
779 631 826 660 se
863 619 1120 681 comperit,
1155 620 1457 672 vehementer

52 686 318 733 contristata
349 699 444 745 est,
482 699 528 735 et
557 690 787 754 Rogerius
825 691 948 740 filius
976 697 1098 759 ejus,
1136 714 1456 763 cognomento

52 760 277 808 Crumena
293 798 304 817 ,
325 765 536 827 amplum
557 766 673 812 citra
698 784 827 814 mare
849 768 1071 818 ducatum
1092 790 1148 820 ex
1166 779 1454 826 successione

50 837 276 900 majorum
301 837 493 902 adeptus
517 852 585 887 est
611 843 702 905 (1).

114 913 330 974 Undique
354 917 510 964 nimiis
528 921 841 968 anxietatibus
863 928 1100 989 aggravati
1121 941 1231 976 sunt
1254 932 1299 977 in
1325 950 1456 996 pere-

47 992 176 1055 grina
202 993 394 1056 regione
412 995 679 1043 Normanui
694 1034 707 1055 ‚
730 998 843 1046 (lum
863 1004 1122 1051 maximum
1141 1025 1193 1054 ac
1219 1012 1451 1057 strenuis-

45 1069 212 1115 simum
236 1070 400 1118 ducem
432 1091 568 1120 suum
593 1075 754 1123 vident
775 1079 996 1126 muliebri
1025 1082 1137 1130 dolo
1161 1087 1446 1148 periclitari,

43 1157 90 1193 et
115 1147 261 1194 robur
281 1152 511 1197 exercitus
533 1153 599 1198 sui
619 1152 878 1203 desectione
897 1158 1346 1223 Langobardorum,
1369 1169 1447 1231 qui

44 1242 149 1270 cum
189 1225 378 1273 domina
414 1247 493 1275 sua
531 1231 650 1277 clam
684 1231 1013 1293 discesserant,
1044 1239 1288 1297 imminui,
1329 1255 1376 1289 et
1404 1263 1449 1291 se

43 1319 137 1349 non
175 1321 305 1366 posse
341 1305 388 1351 iu
429 1307 634 1365 Italiam,
667 1311 775 1374 quia
813 1329 951 1358 naves
984 1331 1147 1362 eorum
1191 1319 1447 1367 combustae

40 1390 202 1436 erant,
237 1382 334 1428 sine
366 1385 495 1446 gravi
522 1403 654 1432 mora
684 1398 731 1433 et
767 1387 1036 1438 difficultate
1074 1395 1324 1456 proficisci.
1354 1399 1449 1444 Ma-

39 1459 288 1520 gnanimus
308 1461 461 1525 itaque
474 1462 568 1508 dux
582 1464 847 1511 Robertum
867 1470 1088 1515 comitem
1107 1472 1332 1520 Lorotelli
1353 1477 1443 1538 (2),

38 1545 84 1581 et
103 1535 397 1584 Goissredum
416 1538 473 1585 de
491 1540 786 1588 Conversana
809 1544 898 1606 (3),
926 1558 1118 1609 nepotes
1135 1567 1240 1596 suos
1254 1586 1265 1606 ‚
1292 1552 1448 1616 Hugo-

38 1628 144 1659 nem
180 1616 484 1662 monoculum
516 1617 572 1663 de
599 1618 905 1668 Claromonte
935 1627 1024 1686 (ᾧ,
1057 1636 1103 1671 et
1135 1627 1442 1676 Guillelmum

36 1688 91 1736 de
127 1690 568 1753 Grentemaisnilio,
608 1697 824 1744 Odonem
860 1718 1050 1766 quoque
1091 1705 1443 1755 Bonum—Mar—

36 1765 236 1826 clfisum,
259 1771 496 1817 sororium
519 1790 653 1819 suum
679 1775 775 1838 (5),
802 1777 1010 1842 aliosque
1034 1792 1259 1844 cognatos
1284 1802 1444 1846 procc-

35 1861 196 1909 resque
218 1864 322 1894 suos
344 1847 401 1894 ad
422 1866 467 1895 se
492 1853 792 1910 convocavit,
811 1864 858 1901 et
875 1855 987 1919 quid
1011 1859 1160 1903 acturi
1193 1873 1343 1908 essent
1365 1863 1442 1909 in-

35 1923 305 1987 terrogavit.
344 1924 556 1991 Cumque
580 1944 742 1975 omnes
774 1931 899 1977 iuter
931 1950 976 1978 se
1001 1935 1327 1995 mussitarent,
1358 1958 1441 1986 nc(-

35 2010 211 2046 certum
235 2001 347 2065 quid
368 2004 659 2065 proferrent,
684 2008 748 2053 ait
776 2029 785 2054 :
818 2010 943 2056 Ultio
964 2012 1128 2060 divina
1148 2033 1238 2078 pro
1261 2036 1440 2080 pecca—

35 2077 91 2122 tis
116 2082 285 2125 nostris
303 2098 384 2125 nos
404 2085 630 2145 percutit,
655 2097 699 2130 et
725 2104 756 2131 a
777 2089 939 2135 nimiis
962 2093 1310 2155 cupiditatibus
1331 2114 1439 2143 uos-

355 2201 1437 2223 Ἣὺ,,

76 2258 126 2304 (1)
144 2259 173 2293 ΙΙ
192 2260 249 2305 n’y
270 2275 287 2295 a
315 2261 360 2296 de
378 2265 470 2302 vrai,
497 2264 586 2299 dans
606 2279 663 2301 ces
690 2267 783 2302 deux
816 2272 1077 2318 paragraphes,
1106 2287 1178 2321 que
1209 2276 1239 2310 la
1270 2285 1365 2312 niort
1394 2279 1439 2315 (10

33 2314 167 2352 Robert
184 2319 366 2355 Guiscard
385 2323 446 2368 qui
467 2324 583 2357 ari-iva
597 2324 629 2358 le
652 2337 690 2372 ι’]
709 2326 831 2371 juillet
856 2330 940 2364 1085
957 2329 1045 2364 dans
1063 2331 1133 2367 vile
1153 2333 1197 2368 dc
1213 2335 1438 2381 Ccplialonie

32 2375 93 2416 (ou
105 2375 288 2411 Boemond
299 2386 334 2413 et
347 2380 560 2428 Sichelgadc
574 2383 708 2418 etaient
722 2397 832 2419 vcuus
846 2388 1006 2423 reccvoii·
1017 2402 1070 2424 scs
1084 2390 1249 2427 ‹lomim-s
1263 2396 1435 2442 soumis),

31 2439 66 2467 et
82 2434 113 2468 la
132 2443 211 2480 part
229 2436 274 2471 de
288 2438 528 2484 predilection
548 2442 674 2488 qu'eut
690 2443 812 2489 Rogci·
831 2445 918 2479 dans
936 2447 968 2481 10
986 2456 1133 2495 pai-tage
1157 2450 1204 2485 ‹lc
1223 2464 1277 2486 scs
1297 2455 1401 2490 ctats.

73 2494 122 2538 (2)
143 2494 300 2538 Robert,
322 2506 440 2533 comte
458 2500 503 2534 (10
522 2500 679 2536 Rotello.
702 2503 823 2549 Yoycz
845 2505 1042 2549 ci-dcssus,
1062 2515 1087 2542 t.
1105 2509 1138 2542 ΙΙ
1152 2537 1161 2552 ‚
1182 2523 1218 2557 p.
1245 2524 1319 2559 ¹⁰9·

74 2551 122 2599 (3)
138 2555 301 2593 Geoffroi
322 2559 366 2592 de
386 2560 626 2595 Comei-sana.

74 2614 122 2659 (4)
150 2616 281 2664 Huguc
301 2619 459 2664 premier
485 2620 535 2654 du
562 2633 667 2661 noui,
699 2629 818 2655 comto
843 2623 888 2657 (10
917 2625 1106 2661 ‹ilci-mont.
1135 2640 1178 2662 cn
1211 2630 1434 2676 Beauvoisis,

29 2674 166 2710 existait
184 2679 202 2711 a
222 2684 314 2712 00110
327 2680 487 2726 ‹¹3¹›oq1w3
509 2682 598 2715 mais
617 2694 708 2716 nous
729 2695 772 2717 nc
796 2696 949 2730 pensons
970 2699 1030 2732 pas
1047 2700 1117 2734 quc
1137 2702 1176 2723 cc
1192 2691 1259 2724 soit
1279 2690 1436 2727 luidoni

30 2739 131 2767 notre
147 2742 277 2770 autom·
293 2738 342 2771 ait.
359 2738 466 2772 voulu
489 2739 617 2785 parler.

75 2791 122 2837 (5)
145 2794 610 2845 Odon-lc-Bon-Marquis.
632 2802 715 2846 perc
735 2801 782 2836 (lu
802 2802 941 2837 saincux
962 2805 1163 2839 'sanci-'oda
