2085 3455
607 330 688 369 482
983 328 1225 367 HISTORM
1258 327 1660 367 rcctsssnsiici.
1876 332 2016 381 [1096]

601 418 910 482 applicuerat.
937 417 1117 463 Multos
1142 415 1205 462 ibi
1226 415 1522 462 Lumbardos
1546 417 1726 463 invenit
1740 452 1750 473 ,
1776 427 1822 462 et
1840 418 2018 482 Lango-

600 494 774 543 bardos
793 496 869 560 (1)
895 505 940 541 et
955 494 1273 551 Alemannos‚
1295 494 1376 558 qui
1397 511 1504 539 eum
1523 504 1875 558 praecesserant,
1895 505 1942 540 et
1962 511 2018 541 ex

601 572 902 637 imperatoris
947 587 1173 635 responso
1211 571 1484 616 venientem
1517 571 1777 616 exercitum
1818 571 2019 617 sustine-

600 651 736 698 bant.
775 652 1043 714 Imperator
1068 649 1260 696 interim
1295 649 1360 695 eis
1386 660 1650 696 mercatum
1673 648 1775 694 dari
1795 650 2016 712 jusserat,

602 728 721 774 sicut
747 729 796 774 in
836 727 1024 774 civitate
1059 736 1241 772 rectum
1269 736 1386 771 erat.
1414 724 1721 771 Mandaverat
1744 741 1932 790 quoque
1963 741 2022 772 ne

601 803 853 869 quemdam
867 805 1025 849 sinum
1043 803 1204 859 maris,
1227 821 1368 867 quem
1386 802 1639 848 Brachium
1657 803 1813 849 Sancti
1830 802 2022 867 Georgii

600 891 775 929 vocant
795 882 862 943 (2
879 916 891 935 ,
914 880 1297 937 transfretarent,
1319 897 1563 944 quousque
1581 881 1830 936 maximus,
1850 880 1931 944 qui
1955 896 2020 926 se-

600 958 854 1023 quebatur,
882 958 1114 1004 exercitus
1133 956 1412 1003 advenisset.
1433 958 1490 1003 Si
1508 960 1634 1003 enim
1648 995 1663 1015 ,
1688 958 1866 1021 inquit,
1886 957 2027 1003 aliter

603 1037 816 1101 egeritis,
842 1036 978 1099 efferi
995 1035 1200 1099 gentiles
1230 1036 1277 1079 in
1308 1054 1385 1081 vos
1406 1036 1612 1092 irruent,
1636 1047 1679 1080 el
1703 1035 1830 1081 hanc·
1856 1035 2025 1080 imbel-

603 1115 693 1161 lem
717 1125 959 1161 caterwam
974 1115 1229 1179 periment.
1248 1112 1384 1172 Quod
1402 1113 1466 1159 sic
1486 1124 1646 1176 postea
1664 1113 1880 1176 contigit.
1901 1112 2025 1159 Gens

603 1209 811 1258 namque
850 1192 956 1248 illa,
997 1193 1098 1238 sine
1128 1208 1265 1255 rege,
1304 1192 1404 1237 sine
1438 1190 1582 1245 duce,
1610 1192 1751 1236 variis
1777 1201 2024 1255 aggregata

602 1271 740 1328 locis,
770 1269 1117 1333 indisciplinate
1143 1268 1393 1324 vivebant,
1423 1270 1470 1314 in
1497 1285 1569 1313 res
1596 1268 1769 1314 alienas
1794 1269 2026 1331 rapaciter

605 1348 906 1399 involabant,
929 1347 1207 1412 plumbum,
1235 1346 1292 1392 de
1312 1364 1408 1411 quo
1434 1346 1642 1392 ecclesiae
1669 1356 1906 1409 coopertae
1929 1346 2027 1392 sue-

604 1436 738 1483 rant,
765 1423 1107 1489 absportabant
1135 1434 1181 1470 et
1203 1422 1490 1478 vendebant,
1509 1422 1678 1486 palatia
1700 1421 2024 1476 destruebant,

603 1514 650 1550 et
674 1504 723 1549 in
746 1501 970 1550 omnibus
999 1518 1046 1548 se
1069 1502 1290 1565 nequiter
1319 1500 1538 1565 agebant.
1567 1499 1648 1544 His
1683 1499 1908 1563 cognitis,
1933 1499 2027 1544 im-

603 1590 798 1644 perator
821 1578 956 1625 valde
980 1579 1125 1624 iratus
1149 1588 1240 1632 est3
1267 1578 1445 1642 quippe
1468 1577 1548 1641 qui
1567 1578 1666 1640 jam
1687 1594 1764 1623 eos
1789 1574 2028 1622 beneficiis

605 1657 697 1703 suis
721 1657 933 1721 ingratos
956 1665 1176 1719 expertus
1199 1665 1283 1700 est.
1313 1654 1479 1718 Coegit
1500 1655 1656 1717 itaque
1676 1669 1753 1699 eos
1774 1653 1946 1716 expelli
1971 1652 2029 1698 ab

603 1734 742 1791 urbe,
760 1745 806 1782 et
822 1734 1144 1780 transfretare.
1164 1733 1492 1787 Transsretati‚
1507 1732 1656 1778 multa
1674 1733 1850 1778 iterum
1867 1732 2030 1778 illicita

607 1813 656 1858 in
675 1811 968 1858 Christianos
989 1821 1318 1875 patraverunt.
1341 1809 1464 1855 Nam
1488 1819 1668 1855 terram
1691 1825 1857 1855 eorum
1878 1808 2030 1855 hosti-

607 1890 714 1937 liter
736 1889 994 1954 depraedati
1015 1899 1149 1946 sunt,
1174 1899 1220 1935 et
1239 1887 1406 1935 domos
1423 1904 1592 1934 eorum
1610 1887 1918 1951 ecclesiasque
1934 1903 2031 1933 cre-

607 1979 876 2015 maverunt.
905 1966 1120 2014 Tandem
1147 1965 1476 2013 Nicomediam
1510 1975 1773 2022 venerunt3
1802 1965 2026 2029 Ligures,

608 2047 806 2112 aliaeque
821 2056 984 2111 gentes
1001 2045 1100 2091 illic
1118 2055 1398 2109 separantur
1422 2062 1446 2089 a
1463 2043 1675 2089 Francis.
1702 2042 1872 2089 Franci
1891 2042 2032 2107 siqui-

607 2123 717 2171 dem
745 2123 999 2170 serociores
1032 2133 1169 2168 erant
1202 2133 1248 2168 et
1283 2120 1682 2168 intractabiliores
1724 2131 1771 2166 et
1799 2120 1862 2166 ob
1895 2118 1942 2165 id
1974 2118 2031 2166 ad

609 2218 751 2249 omne
776 2201 957 2248 malum
991 2201 1323 2265 procliviore&
1363 2198 1460 2246 Alii
1493 2216 1608 2264 ergo
1632 2197 1884 2263 quemdam
1919 2198 2032 2244 Rai-

659 2365 710 2412 (1)
730 2364 833 2400 Nous
849 2376 1000 2400 verrons
1017 2371 1170 2400 som-ent
1184 2371 1292 2400 notre
1308 2370 1439 2399 auteur
1455 2363 1660 2410 distinguer
1679 2374 1736 2397 ces
1751 2362 1847 2398 deux
1863 2373 2032 2397 rameaux

612 2425 722 2460 d’une
742 2425 861 2460 meme
880 2425 1029 2461 souche.
1049 2425 1120 2460 Par
1139 2425 1340 2459 Lonibards
1353 2452 1362 2467 ‚
1379 2423 1405 2458 il
1422 2422 1561 2458 entend
1574 2422 1627 2457 les
1641 2422 1828 2457 habitants
1843 2422 1889 2457 de
1903 2421 2032 2457 l’Italie

613 2483 917 2532 septentrionale,
938 2491 974 2520 et
999 2497 1066 2532 par
1092 2483 1332 2531 Longobards
1357 2495 1447 2518 ceux
1476 2482 1522 2517 de
1548 2482 1679 2517 l⁷Itatie
1703 2481 1961 2524 maeiridionale,
1982 2482 2031 2516 οιὶ

612 2545 664 2580 les
681 2544 881 2580 Lombards
899 2546 1042 2580 avaient
1059 2545 1172 2580 fonde
1196 2545 1259 2579 des
1286 2543 1576 2578 etablissements
1601 2543 1666 2590 qui
1694 2542 1873 2577 dart-rent
1886 2542 2031 2590 jusqu'i

611 2606 647 2641 la
663 2605 895 2640 domination
912 2604 1138 2640 normande.

658 2665 710 2711 (2)
729 2665 778 2700 Le
797 2664 1003 2712 Bosphore,
1031 2665 1123 2700 ainsi
1156 2665 1304 2699 nomme
1330 2664 1350 2698 a
1384 2674 1490 2698 cause
1517 2662 1568 2697 du
1600 2663 1807 2698 monastere
1833 2664 1879 2697 de
1909 2662 2029 2698 Saint-

613 2723 781 2772 Georges
796 2722 842 2758 de
860 2723 1061 2770 Mangana,
1080 2723 1144 2771 qui
1164 2722 1254 2758 etait
1270 2722 1366 2757 sitne
1383 2723 1403 2756 a
1420 2721 1572 2755 l'entree
1595 2720 1645 2755 du
1672 2720 1821 2755 detroit.
1842 2721 1875 2756 A
1895 2733 1935 2756 ce
1952 2731 2030 2755 mo-

613 2783 758 2819 nastere
773 2782 888 2818 tenait
903 2795 956 2818 un
969 2782 1092 2830 palais,
1112 2789 1262 2830 portant
1279 2781 1312 2817 le
1323 2782 1442 2817 meme
1458 2792 1557 2823 nom,
1571 2787 1608 2815 et
1621 2779 1712 2814 dans
1722 2779 1843 2827 lequel
1855 2792 1892 2816 se
1904 2780 2026 2821 reum,

614 2854 660 2878 en
683 2843 782 2887 1081,
802 2842 1061 2891 l’imperatrice
1079 2843 1214 2887 Made,
1237 2854 1348 2878 veuve
1364 2841 1411 2877 de
1431 2841 1566 2876 Michel
1585 2841 1820 2888 Parapinace.

2072 0 2080 130 ι

2073 134 2079 333 ἔ

2074 338 2079 547 ἱ
