2085 3455
507 314 588 358 624
877 314 1120 354 HISTORIA
1149 310 1553 351 ECCLESIASTICA.

508 403 750 459 visitabat,
780 412 827 448 et
857 402 905 448 in
936 402 1106 448 timore
1129 400 1212 446 Dei
1240 399 1380 445 sacris
1403 396 1697 444 sermonibus
1719 397 1912 443 confor-

508 481 649 529 tabat.
683 477 898 526 Tandem
938 479 985 525 in
1020 488 1258 525 senectute
1293 476 1419 522 bona
1451 476 1694 522 defunctus
1733 484 1826 531 est,
1866 485 1913 520 et

505 558 719 607 Pratellis
755 559 802 604 in
825 557 1015 603 basilica
1042 556 1200 603 Sancti
1230 554 1359 601 Petri
1393 553 1592 618 apostoli
1616 562 1724 599 ante
1752 551 1910 598 cruci-

507 637 654 683 fixum
677 634 884 698 sepultus
907 644 991 680 est.

569 713 679 770 Hic,
706 712 814 776 quia
838 709 1113 766 scribendo,
1148 720 1194 755 et
1223 725 1295 754 res
1328 708 1633 772 longinquas,
1668 715 1833 769 utpote
1863 705 1912 751 in

502 790 614 838 Eois
649 786 914 836 climatibus
951 797 1098 841 actam,
1132 784 1397 848 indagando
1427 785 1593 841 fessus,
1620 782 1912 847 requiescere

503 867 700 922 anhelo,
739 875 923 911 sextum
965 864 1036 926 (1)
1080 861 1418 908 Ecclesiasticae
1467 862 1688 908 Historiae
1733 859 1912 906 librum

504 945 641 991 finire
677 941 898 989 decerno.
935 941 991 987 In
1025 940 1225 1003 septimo
1248 949 1428 996 autem,
1465 939 1501 984 si
1532 955 1686 1002 sospes
1714 949 1761 984 ct
1791 936 1914 983 liber

502 1023 700 1077 vixero,
747 1019 1002 1066 auxiliante
1042 1016 1159 1063 mihi
1202 1016 1444 1062 Salvatore
1483 1027 1680 1072 nostro,
1731 1016 1778 1061 in
1818 1031 1915 1079 quo

501 1098 704 1144 maxime
735 1113 898 1159 spero,
937 1094 994 1140 de
1027 1092 1223 1140 diversis
1259 1091 1530 1148 eventibus,
1565 1092 1805 1155 prosperis
1839 1091 1914 1137 vel

501 1175 733 1231 adversis,
771 1173 851 1238 qui
886 1188 971 1235 per
1007 1188 1103 1218 xxx
1135 1187 1284 1217 annos
1319 1170 1649 1234 contigerunt,
1686 1167 1915 1214 veraciter

500 1251 740 1308 tractabo,
769 1261 815 1297 et
841 1267 931 1314 pro
960 1266 1092 1313 posse
1123 1266 1230 1296 meo
1261 1247 1444 1294 notitiae
1468 1256 1770 1311 posterorum
1793 1245 1913 1290 sim-

499 1331 688 1394 pliciter
713 1327 962 1375 intimabo.
989 1327 1083 1373 Mei
1107 1327 1337 1372 nimirum
1364 1326 1538 1371 similes
1561 1335 1753 1370 autumo
1778 1340 1914 1387 quos-

499 1408 608 1455 dam
643 1424 738 1454 esse
775 1408 984 1462 futuros,
1022 1405 1102 1469 qui
1141 1404 1456 1469 generationis
1491 1403 1626 1467 hujus
1660 1401 1849 1449 ordines
1886 1418 1911 1447 a

501 1483 877 1550 chronographis
901 1482 1032 1529 avide
1064 1481 1509 1546 perscrutabuntur,
1536 1491 1582 1526 et
1605 1490 1731 1526 actus
1753 1490 1912 1525 trans-

499 1564 689 1619 itorios,
716 1572 770 1608 ut
795 1559 1111 1608 coessentibus
1135 1558 1222 1604 sibi
1247 1557 1304 1604 ad
1327 1557 1689 1604 aedificationem
1718 1572 1797 1602 seu
1826 1554 1913 1602 de‘-

499 1642 800 1688 lectationem
819 1649 1031 1686 retexere
1050 1636 1231 1701 possint
1250 1635 1449 1682 labentis
1469 1634 1627 1681 saeculi
1647 1651 1775 1681 casus
1792 1650 1912 1697 prae-

499 1719 680 1765 teritos.

545 1899 595 1941 (1)
616 1895 747 1930 C'etait
766 1907 811 1930 en
831 1894 915 1929 effet
931 1894 964 1928 le
982 1894 1130 1928 sixieme
1150 1892 1239 1927 livre
1257 1891 1346 1926 dans
1364 1891 1397 1925 le
1411 1891 1494 1938 plan
1508 1889 1723 1937 primitifde
1737 1888 1903 1931 l’auteur,

495 1963 532 1991 et
552 1956 576 1989 il
591 1955 726 2002 portait
739 1954 772 1989 le
788 1954 905 1989 meme
924 1953 1051 1988 chiffre
1066 1965 1111 1987 au
1125 1958 1438 1987 commencement
1454 1950 1564 1996 (ainsi
1581 1962 1652 1997 que
1665 1960 1756 1983 nous
1772 1947 1906 1982 l'avons

496 2016 705 2062 remarque)
726 2021 832 2049 avant
847 2025 919 2061 que
935 2013 986 2048 les
1006 2013 1095 2048 trois
1113 2012 1287 2059 premiers
1300 2017 1444 2046 eussent
1462 2012 1519 2046 ete
1535 2010 1674 2056 ajoutes
1689 2009 1792 2055 apres
1810 2020 1905 2055 coup

495 2086 539 2108 au
561 2085 666 2120 corps
687 2072 732 2108 de
751 2072 946 2120 l’ouvrage‚

1001 2441 1096 2464 FINIS
1127 2440 1217 2463 'rom
1248 2439 1385 2464 Tnn'rth
