<?xml version="1.0" encoding="UTF-8"?>
<!DOCTYPE html PUBLIC "-//W3C//DTD XHTML 1.0 Transitional//EN"
    "http://www.w3.org/TR/xhtml1/DTD/xhtml1-transitional.dtd">
<html xmlns="http://www.w3.org/1999/xhtml" xml:lang="en" lang="en">
 <head>
  <title>
</title>
<meta http-equiv="Content-Type" content="text/html;charset=utf-8" />
  <meta name='ocr-system' content='tesseract 3.04.00' />
  <meta name='ocr-capabilities' content='ocr_page ocr_carea ocr_par ocr_line ocrx_word'/>
</head>
<body>
  <div class='ocr_page' id='page_1' title='image "./ordericivitalish03ordeuoft/ordericivitalish03ordeuoft_0127.png"; bbox 0 0 2033 3445; ppageno 0'>
   <div class='ocr_carea' id='block_1_1' title="bbox 82 267 1481 322">
    <p class='ocr_par' dir='ltr' id='par_1_1' title="bbox 82 267 1481 322">
     <span class='ocr_line' id='line_1_1' title="bbox 82 267 1481 322; baseline 0 -13"><span class='ocrx_word' id='word_1_1' title='bbox 82 272 193 322; x_wconf 81' lang='lat'>[944]</span> <span class='ocrx_word' id='word_1_2' title='bbox 588 268 739 306; x_wconf 79' lang='lat' dir='ltr'>LIBER</span> <span class='ocrx_word' id='word_1_3' title='bbox 767 267 975 305; x_wconf 67' lang='lat' dir='ltr'><strong>SEXTUs.</strong></span> <span class='ocrx_word' id='word_1_4' title='bbox 1431 274 1481 309; x_wconf 79' lang='lat'><strong>95</strong></span> 
     </span>
    </p>
   </div>
   <div class='ocr_carea' id='block_1_2' title="bbox 72 351 1493 2506">
    <p class='ocr_par' dir='ltr' id='par_1_2' title="bbox 73 351 1488 1556">
     <span class='ocr_line' id='line_1_2' title="bbox 82 351 1481 421; baseline -0.001 -18"><span class='ocrx_word' id='word_1_5' title='bbox 82 357 363 421; x_wconf 78' lang='lat' dir='ltr'><strong>legationem</strong></span> <span class='ocrx_word' id='word_1_6' title='bbox 382 353 648 401; x_wconf 75' lang='lat' dir='ltr'><strong>Ber-nardus</strong></span> <span class='ocrx_word' id='word_1_7' title='bbox 671 351 786 399; x_wconf 88' lang='lat' dir='ltr'><strong>duos</strong></span> <span class='ocrx_word' id='word_1_8' title='bbox 819 352 991 398; x_wconf 82' lang='lat' dir='ltr'><strong>milites</strong></span> <span class='ocrx_word' id='word_1_9' title='bbox 1019 353 1146 399; x_wconf 87' lang='lat' dir='ltr'><strong>illico</strong></span> <span class='ocrx_word' id='word_1_10' title='bbox 1170 357 1481 417; x_wconf 75' lang='lat' dir='ltr'><strong>praeparavit,</strong></span> 
     </span>
     <span class='ocr_line' id='line_1_3' title="bbox 81 429 1484 495; baseline -0.001 -16"><span class='ocrx_word' id='word_1_11' title='bbox 81 444 127 480; x_wconf 88' lang='lat' dir='ltr'><strong>et</strong></span> <span class='ocrx_word' id='word_1_12' title='bbox 157 449 241 479; x_wconf 88' lang='lat' dir='ltr'><strong>rex</strong></span> <span class='ocrx_word' id='word_1_13' title='bbox 275 432 518 495; x_wconf 84' lang='lat' dir='ltr'><strong>imperiosa</strong></span> <span class='ocrx_word' id='word_1_14' title='bbox 549 429 697 485; x_wconf 83' lang='lat' dir='ltr'><strong>dicta,</strong></span> <span class='ocrx_word' id='word_1_15' title='bbox 735 446 840 493; x_wconf 84' lang='lat' dir='ltr'><strong>quae</strong></span> <span class='ocrx_word' id='word_1_16' title='bbox 872 430 1059 493; x_wconf 81' lang='lat' dir='ltr'><strong>Hugoni</strong></span> <span class='ocrx_word' id='word_1_17' title='bbox 1093 429 1357 488; x_wconf 80' lang='lat' dir='ltr'><strong>deferrent,</strong></span> <span class='ocrx_word' id='word_1_18' title='bbox 1392 433 1484 478; x_wconf 79' lang='lat' dir='ltr'><strong>illis</strong></span> 
     </span>
     <span class='ocr_line' id='line_1_4' title="bbox 83 507 1483 574; baseline -0.001 -18"><span class='ocrx_word' id='word_1_19' title='bbox 83 509 299 574; x_wconf 85' lang='lat' dir='ltr'><strong>injunxit.</strong></span> <span class='ocrx_word' id='word_1_20' title='bbox 336 507 498 554; x_wconf 84' lang='lat' dir='ltr'>Nuntii</span> <span class='ocrx_word' id='word_1_21' title='bbox 535 523 649 554; x_wconf 54' lang='lat' dir='ltr'><strong>iero</strong></span> <span class='ocrx_word' id='word_1_22' title='bbox 683 507 932 570; x_wconf 85' lang='lat' dir='ltr'><strong>Hugonem</strong></span> <span class='ocrx_word' id='word_1_23' title='bbox 970 507 1245 554; x_wconf 72' lang='lat' dir='ltr'><strong>festinanter</strong></span> <span class='ocrx_word' id='word_1_24' title='bbox 1274 511 1483 571; x_wconf 86' lang='lat' dir='ltr'><strong>expetie—</strong></span> 
     </span>
     <span class='ocr_line' id='line_1_5' title="bbox 79 584 1485 647; baseline -0.001 -14"><span class='ocrx_word' id='word_1_25' title='bbox 79 598 217 645; x_wconf 86' lang='lat' dir='ltr'><strong>runt,</strong></span> <span class='ocrx_word' id='word_1_26' title='bbox 243 596 290 632; x_wconf 84' lang='lat' dir='ltr'><strong>et</strong></span> <span class='ocrx_word' id='word_1_27' title='bbox 309 584 450 631; x_wconf 87' lang='lat' dir='ltr'><strong>verba</strong></span> <span class='ocrx_word' id='word_1_28' title='bbox 473 585 595 647; x_wconf 76' lang='lat' dir='ltr'><strong>regis</strong></span> <span class='ocrx_word' id='word_1_29' title='bbox 616 594 888 631; x_wconf 80' lang='lat' dir='ltr'><strong>constanter</strong></span> <span class='ocrx_word' id='word_1_30' title='bbox 909 584 949 630; x_wconf 88' lang='lat' dir='ltr'><strong>ei</strong></span> <span class='ocrx_word' id='word_1_31' title='bbox 976 584 1332 631; x_wconf 82' lang='lat' dir='ltr'><strong>nuntiaverunt.</strong></span> <span class='ocrx_word' id='word_1_32' title='bbox 1358 586 1485 632; x_wconf 85' lang='lat' dir='ltr'><strong>Abo-</strong></span> 
     </span>
     <span class='ocr_line' id='line_1_6' title="bbox 78 663 1488 728; baseline -0.001 -17"><span class='ocrx_word' id='word_1_33' title='bbox 78 664 347 711; x_wconf 87' lang='lat' dir='ltr'><strong>minabilem</strong></span> <span class='ocrx_word' id='word_1_34' title='bbox 359 701 373 721; x_wconf 90' lang='lat'><strong>,</strong></span> <span class='ocrx_word' id='word_1_35' title='bbox 400 663 646 727; x_wconf 87' lang='lat' dir='ltr'><strong>inquiunt,</strong></span> <span class='ocrx_word' id='word_1_36' title='bbox 672 664 984 708; x_wconf 77' lang='lat' dir='ltr'><strong>temeritatem</strong></span> <span class='ocrx_word' id='word_1_37' title='bbox 1001 665 1379 728; x_wconf 74' lang='lat' dir='ltr'><strong>pra’sumpsisti,</strong></span> <span class='ocrx_word' id='word_1_38' title='bbox 1403 668 1488 728; x_wconf 84' lang='lat' dir='ltr'><strong>qui</strong></span> 
     </span>
     <span class='ocr_line' id='line_1_7' title="bbox 78 740 1486 804; baseline -0.001 -17"><span class='ocrx_word' id='word_1_39' title='bbox 78 742 336 787; x_wconf 88' lang='lat' dir='ltr'><strong>dominium</strong></span> <span class='ocrx_word' id='word_1_40' title='bbox 366 740 549 786; x_wconf 88' lang='lat' dir='ltr'><strong>domini</strong></span> <span class='ocrx_word' id='word_1_41' title='bbox 576 743 643 785; x_wconf 86' lang='lat' dir='ltr'><strong>tui</strong></span> <span class='ocrx_word' id='word_1_42' title='bbox 675 741 798 804; x_wconf 76' lang='lat' dir='ltr'><strong>regis</strong></span> <span class='ocrx_word' id='word_1_43' title='bbox 827 740 1132 785; x_wconf 76' lang='lat' dir='ltr'><strong>Francorum</strong></span> <span class='ocrx_word' id='word_1_44' title='bbox 1164 741 1404 798; x_wconf 76' lang='lat' dir='ltr'><strong>invasisti,</strong></span> <span class='ocrx_word' id='word_1_45' title='bbox 1442 754 1486 787; x_wconf 82' lang='lat' dir='ltr'><strong>et</strong></span> 
     </span>
     <span class='ocr_line' id='line_1_8' title="bbox 77 817 1483 885; baseline -0.001 -20"><span class='ocrx_word' id='word_1_46' title='bbox 77 819 307 885; x_wconf 86' lang='lat' dir='ltr'><strong>oppidum</strong></span> <span class='ocrx_word' id='word_1_47' title='bbox 334 818 616 874; x_wconf 78' lang='lat' dir='ltr'><strong>Oscimense,</strong></span> <span class='ocrx_word' id='word_1_48' title='bbox 652 817 733 864; x_wconf 86' lang='lat' dir='ltr'><strong>ubi</strong></span> <span class='ocrx_word' id='word_1_49' title='bbox 747 820 952 882; x_wconf 85' lang='lat' dir='ltr'><strong>propria</strong></span> <span class='ocrx_word' id='word_1_50' title='bbox 977 817 1112 863; x_wconf 82' lang='lat' dir='ltr'><strong>sedes</strong></span> <span class='ocrx_word' id='word_1_51' title='bbox 1135 819 1240 882; x_wconf 81' lang='lat' dir='ltr'><strong>ejus</strong></span> <span class='ocrx_word' id='word_1_52' title='bbox 1265 818 1327 864; x_wconf 91' lang='lat' dir='ltr'><strong>ab</strong></span> <span class='ocrx_word' id='word_1_53' title='bbox 1351 821 1483 864; x_wconf 83' lang='lat' dir='ltr'><strong>anti-</strong></span> 
     </span>
     <span class='ocr_line' id='line_1_9' title="bbox 77 894 1488 962; baseline 0 -20"><span class='ocrx_word' id='word_1_54' title='bbox 77 898 181 960; x_wconf 85' lang='lat' dir='ltr'><strong>quis</strong></span> <span class='ocrx_word' id='word_1_55' title='bbox 206 895 489 960; x_wconf 80' lang='lat' dir='ltr'><strong>temporibus</strong></span> <span class='ocrx_word' id='word_1_56' title='bbox 516 907 584 941; x_wconf 84' lang='lat' dir='ltr'><strong>est</strong></span> <span class='ocrx_word' id='word_1_57' title='bbox 607 896 674 958; x_wconf 57' lang='grc' dir='ltr'><strong>(ι)</strong></span> <span class='ocrx_word' id='word_1_58' title='bbox 689 931 701 951; x_wconf 91' lang='grc'>,</span> <span class='ocrx_word' id='word_1_59' title='bbox 736 913 865 941; x_wconf 88' lang='lat' dir='ltr'><strong>nunc</strong></span> <span class='ocrx_word' id='word_1_60' title='bbox 894 894 1134 941; x_wconf 74' lang='lat' dir='ltr'><strong>obsedisti.</strong></span> <span class='ocrx_word' id='word_1_61' title='bbox 1167 896 1318 942; x_wconf 80' lang='lat' dir='ltr'><strong>Nunc</strong></span> <span class='ocrx_word' id='word_1_62' title='bbox 1343 914 1488 962; x_wconf 83' lang='lat' dir='ltr'><strong>super</strong></span> 
     </span>
     <span class='ocr_line' id='line_1_10' title="bbox 77 973 1488 1039; baseline 0 -20"><span class='ocrx_word' id='word_1_63' title='bbox 77 974 169 1020; x_wconf 80' lang='lat' dir='ltr'><strong>hac</strong></span> <span class='ocrx_word' id='word_1_64' title='bbox 200 990 250 1019; x_wconf 88' lang='lat' dir='ltr'><strong>re</strong></span> <span class='ocrx_word' id='word_1_65' title='bbox 274 985 567 1039; x_wconf 53' lang='lat' dir='ltr'><strong>praeceptum</strong></span> <span class='ocrx_word' id='word_1_66' title='bbox 591 974 696 1037; x_wconf 79' lang='lat' dir='ltr'><strong>ejas</strong></span> <span class='ocrx_word' id='word_1_67' title='bbox 727 973 872 1029; x_wconf 85' lang='lat' dir='ltr'><strong>audi,</strong></span> <span class='ocrx_word' id='word_1_68' title='bbox 909 984 951 1019; x_wconf 86' lang='lat' dir='ltr'><strong>et</strong></span> <span class='ocrx_word' id='word_1_69' title='bbox 980 973 1238 1039; x_wconf 83' lang='lat' dir='ltr'><strong>perfidem</strong></span> <span class='ocrx_word' id='word_1_70' title='bbox 1270 991 1414 1037; x_wconf 85' lang='lat' dir='ltr'><strong>qaam</strong></span> <span class='ocrx_word' id='word_1_71' title='bbox 1442 977 1488 1020; x_wconf 86' lang='lat' dir='ltr'><strong>ei</strong></span> 
     </span>
     <span class='ocr_line' id='line_1_11' title="bbox 76 1046 1484 1104; baseline 0.003 -13"><span class='ocrx_word' id='word_1_72' title='bbox 76 1046 240 1104; x_wconf 88' lang='lat' dir='ltr'><strong>debes,</strong></span> <span class='ocrx_word' id='word_1_73' title='bbox 267 1051 368 1093; x_wconf 86' lang='lat' dir='ltr'><strong>sine</strong></span> <span class='ocrx_word' id='word_1_74' title='bbox 391 1065 524 1094; x_wconf 85' lang='lat' dir='ltr'><strong>mora</strong></span> <span class='ocrx_word' id='word_1_75' title='bbox 547 1047 702 1094; x_wconf 84' lang='lat' dir='ltr'><strong>obedi.</strong></span> <span class='ocrx_word' id='word_1_76' title='bbox 734 1050 860 1094; x_wconf 84' lang='lat' dir='ltr'><strong>Ante</strong></span> <span class='ocrx_word' id='word_1_77' title='bbox 883 1048 999 1095; x_wconf 86' lang='lat' dir='ltr'><strong>solis</strong></span> <span class='ocrx_word' id='word_1_78' title='bbox 1020 1066 1245 1095; x_wconf 85' lang='lat' dir='ltr'><strong>occasum</strong></span> <span class='ocrx_word' id='word_1_79' title='bbox 1273 1049 1336 1095; x_wconf 85' lang='lat' dir='ltr'><strong>ab</strong></span> <span class='ocrx_word' id='word_1_80' title='bbox 1361 1049 1484 1095; x_wconf 89' lang='lat' dir='ltr'><strong>obsi—</strong></span> 
     </span>
     <span class='ocr_line' id='line_1_12' title="bbox 76 1123 1486 1190; baseline 0.001 -21"><span class='ocrx_word' id='word_1_81' title='bbox 76 1123 218 1170; x_wconf 77' lang='lat' dir='ltr'><strong>tlione</strong></span> <span class='ocrx_word' id='word_1_82' title='bbox 241 1125 428 1181; x_wconf 82' lang='lat' dir='ltr'><strong>recede,</strong></span> <span class='ocrx_word' id='word_1_83' title='bbox 456 1136 498 1169; x_wconf 83' lang='lat' dir='ltr'><strong>et</strong></span> <span class='ocrx_word' id='word_1_84' title='bbox 517 1142 609 1189; x_wconf 81' lang='lat' dir='ltr'><strong>pro</strong></span> <span class='ocrx_word' id='word_1_85' title='bbox 635 1135 772 1170; x_wconf 86' lang='lat' dir='ltr'><strong>reatu</strong></span> <span class='ocrx_word' id='word_1_86' title='bbox 797 1128 1069 1171; x_wconf 87' lang='lat' dir='ltr'><strong>temeritatis</strong></span> <span class='ocrx_word' id='word_1_87' title='bbox 1097 1127 1147 1170; x_wconf 87' lang='lat' dir='ltr'><strong>in</strong></span> <span class='ocrx_word' id='word_1_88' title='bbox 1180 1143 1366 1190; x_wconf 76' lang='lat' dir='ltr'><strong>regem,</strong></span> <span class='ocrx_word' id='word_1_89' title='bbox 1383 1125 1486 1188; x_wconf 72' lang='lat' dir='ltr'><strong>jac</strong></span> 
     </span>
     <span class='ocr_line' id='line_1_13' title="bbox 78 1201 1484 1267; baseline 0.003 -22"><span class='ocrx_word' id='word_1_90' title='bbox 78 1201 147 1246; x_wconf 87' lang='lat' dir='ltr'><strong>illi</strong></span> <span class='ocrx_word' id='word_1_91' title='bbox 177 1213 352 1248; x_wconf 84' lang='lat' dir='ltr'><strong>rectum</strong></span> <span class='ocrx_word' id='word_1_92' title='bbox 379 1202 516 1265; x_wconf 83' lang='lat' dir='ltr'><strong>apud</strong></span> <span class='ocrx_word' id='word_1_93' title='bbox 548 1202 837 1248; x_wconf 85' lang='lat' dir='ltr'><strong>Laudunum</strong></span> <span class='ocrx_word' id='word_1_94' title='bbox 867 1214 1071 1267; x_wconf 82' lang='lat' dir='ltr'><strong>tempore</strong></span> <span class='ocrx_word' id='word_1_95' title='bbox 1107 1220 1200 1266; x_wconf 84' lang='lat' dir='ltr'><strong>quo</strong></span> <span class='ocrx_word' id='word_1_96' title='bbox 1232 1204 1484 1251; x_wconf 73' lang='lat' dir='ltr'><strong>decreverit</strong></span> 
     </span>
     <span class='ocr_line' id='line_1_14' title="bbox 77 1278 1484 1344; baseline 0.002 -22"><span class='ocrx_word' id='word_1_97' title='bbox 77 1278 205 1341; x_wconf 80' lang='lat' dir='ltr'><strong>ipse,</strong></span> <span class='ocrx_word' id='word_1_98' title='bbox 250 1279 528 1342; x_wconf 84' lang='lat' dir='ltr'><strong>optimatum</strong></span> <span class='ocrx_word' id='word_1_99' title='bbox 563 1278 757 1342; x_wconf 80' lang='lat' dir='ltr'><strong>judicio</strong></span> <span class='ocrx_word' id='word_1_100' title='bbox 801 1290 844 1323; x_wconf 86' lang='lat' dir='ltr'><strong>et</strong></span> <span class='ocrx_word' id='word_1_101' title='bbox 883 1284 1210 1343; x_wconf 78' lang='lat' dir='ltr'><strong>persuasione.</strong></span> <span class='ocrx_word' id='word_1_102' title='bbox 1255 1281 1484 1344; x_wconf 80' lang='lat' dir='ltr'><strong>Alioquin</strong></span> 
     </span>
     <span class='ocr_line' id='line_1_15' title="bbox 73 1355 1487 1420; baseline 0.001 -20"><span class='ocrx_word' id='word_1_103' title='bbox 73 1365 277 1418; x_wconf 80' lang='lat' dir='ltr'><strong>paratus</strong></span> <span class='ocrx_word' id='word_1_104' title='bbox 298 1367 395 1401; x_wconf 85' lang='lat' dir='ltr'><strong>esto</strong></span> <span class='ocrx_word' id='word_1_105' title='bbox 414 1373 521 1401; x_wconf 89' lang='lat' dir='ltr'><strong>cum</strong></span> <span class='ocrx_word' id='word_1_106' title='bbox 547 1357 638 1401; x_wconf 92' lang='lat' dir='ltr'><strong>tuis</strong></span> <span class='ocrx_word' id='word_1_107' title='bbox 658 1355 728 1401; x_wconf 88' lang='lat' dir='ltr'><strong>ad</strong></span> <span class='ocrx_word' id='word_1_108' title='bbox 744 1356 984 1420; x_wconf 79' lang='lat' dir='ltr'><strong>prcelium.</strong></span> <span class='ocrx_word' id='word_1_109' title='bbox 1008 1356 1139 1401; x_wconf 83' lang='lat' dir='ltr'><strong>Nam</strong></span> <span class='ocrx_word' id='word_1_110' title='bbox 1159 1374 1244 1402; x_wconf 61' lang='lat' dir='ltr'><strong>rean</strong></span> <span class='ocrx_word' id='word_1_111' title='bbox 1266 1357 1487 1403; x_wconf 70' lang='lat' dir='ltr'><strong>dominus=</strong></span> 
     </span>
     <span class='ocr_line' id='line_1_16' title="bbox 79 1431 1486 1495; baseline 0.002 -19"><span class='ocrx_word' id='word_1_112' title='bbox 79 1443 202 1486; x_wconf 82' lang='lat' dir='ltr'><strong>tuus,</strong></span> <span class='ocrx_word' id='word_1_113' title='bbox 222 1433 267 1477; x_wconf 88' lang='lat' dir='ltr'><strong>si</strong></span> <span class='ocrx_word' id='word_1_114' title='bbox 289 1444 331 1477; x_wconf 83' lang='lat' dir='ltr'><strong>te</strong></span> <span class='ocrx_word' id='word_1_115' title='bbox 350 1432 427 1478; x_wconf 79' lang='lat' dir='ltr'><strong>hic</strong></span> <span class='ocrx_word' id='word_1_116' title='bbox 444 1434 690 1489; x_wconf 75' lang='lat' dir='ltr'><strong>invenerit,</strong></span> <span class='ocrx_word' id='word_1_117' title='bbox 715 1435 764 1477; x_wconf 82' lang='lat' dir='ltr'><strong>in</strong></span> <span class='ocrx_word' id='word_1_118' title='bbox 785 1431 879 1478; x_wconf 78' lang='lat' dir='ltr'><strong>hac</strong></span> <span class='ocrx_word' id='word_1_119' title='bbox 900 1434 1173 1495; x_wconf 74' lang='lat' dir='ltr'><strong>septimana</strong></span> <span class='ocrx_word' id='word_1_120' title='bbox 1194 1443 1346 1479; x_wconf 89' lang='lat' dir='ltr'><strong>tecum</strong></span> <span class='ocrx_word' id='word_1_121' title='bbox 1370 1436 1486 1480; x_wconf 86' lang='lat' dir='ltr'><strong>viri-</strong></span> 
     </span>
     <span class='ocr_line' id='line_1_17' title="bbox 80 1509 1244 1556; baseline 0.001 -3"><span class='ocrx_word' id='word_1_122' title='bbox 80 1509 164 1555; x_wconf 83' lang='lat' dir='ltr'><strong>bus</strong></span> <span class='ocrx_word' id='word_1_123' title='bbox 186 1511 481 1556; x_wconf 78' lang='lat' dir='ltr'><strong>Francorum</strong></span> <span class='ocrx_word' id='word_1_124' title='bbox 505 1521 549 1555; x_wconf 88' lang='lat' dir='ltr'><strong>et</strong></span> <span class='ocrx_word' id='word_1_125' title='bbox 571 1509 958 1556; x_wconf 77' lang='lat' dir='ltr'><strong>ZVormannorum</strong></span> <span class='ocrx_word' id='word_1_126' title='bbox 981 1509 1244 1556; x_wconf 77' lang='lat' dir='ltr'><strong>dimicabit.</strong></span> 
     </span>
    </p>

    <p class='ocr_par' dir='ltr' id='par_1_3' title="bbox 72 1585 1493 2506">
     <span class='ocr_line' id='line_1_18' title="bbox 141 1585 1483 1651; baseline 0.002 -20"><span class='ocrx_word' id='word_1_127' title='bbox 141 1586 251 1632; x_wconf 83' lang='lat' dir='ltr'><strong>Haec</strong></span> <span class='ocrx_word' id='word_1_128' title='bbox 264 1585 472 1645; x_wconf 87' lang='lat' dir='ltr'><strong>audiens,</strong></span> <span class='ocrx_word' id='word_1_129' title='bbox 491 1587 629 1650; x_wconf 83' lang='lat' dir='ltr'><strong>Hugo</strong></span> <span class='ocrx_word' id='word_1_130' title='bbox 649 1585 952 1632; x_wconf 76' lang='lat' dir='ltr'><strong>vehementer</strong></span> <span class='ocrx_word' id='word_1_131' title='bbox 973 1587 1114 1632; x_wconf 78' lang='lat' dir='ltr'><strong>iratus</strong></span> <span class='ocrx_word' id='word_1_132' title='bbox 1129 1597 1214 1644; x_wconf 86' lang='lat' dir='ltr'><strong>est,</strong></span> <span class='ocrx_word' id='word_1_133' title='bbox 1239 1598 1284 1633; x_wconf 87' lang='lat' dir='ltr'><strong>et</strong></span> <span class='ocrx_word' id='word_1_134' title='bbox 1302 1605 1401 1651; x_wconf 85' lang='lat' dir='ltr'><strong>prae</strong></span> <span class='ocrx_word' id='word_1_135' title='bbox 1418 1589 1483 1634; x_wconf 86' lang='lat' dir='ltr'><strong>ira</strong></span> 
     </span>
     <span class='ocr_line' id='line_1_19' title="bbox 77 1661 1483 1730; baseline 0.003 -22"><span class='ocrx_word' id='word_1_136' title='bbox 77 1661 373 1719; x_wconf 80' lang='lat' dir='ltr'><strong>furibundus,</strong></span> <span class='ocrx_word' id='word_1_137' title='bbox 395 1664 459 1710; x_wconf 88' lang='lat' dir='ltr'><strong>sic</strong></span> <span class='ocrx_word' id='word_1_138' title='bbox 478 1681 582 1710; x_wconf 86' lang='lat' dir='ltr'><strong>suos</strong></span> <span class='ocrx_word' id='word_1_139' title='bbox 598 1663 764 1710; x_wconf 77' lang='lat' dir='ltr'><strong>affatus</strong></span> <span class='ocrx_word' id='word_1_140' title='bbox 787 1675 855 1710; x_wconf 83' lang='lat' dir='ltr'><strong>est</strong></span> <span class='ocrx_word' id='word_1_141' title='bbox 877 1684 886 1709; x_wconf 77' lang='grc' dir='ltr'><strong><em>ε</em></strong></span> <span class='ocrx_word' id='word_1_142' title='bbox 914 1665 1052 1710; x_wconf 65' lang='grc' dir='ltr'><strong>[Γηιίθ</strong></span> <span class='ocrx_word' id='word_1_143' title='bbox 1077 1665 1304 1711; x_wconf 84' lang='lat' dir='ltr'><strong>stolidum</strong></span> <span class='ocrx_word' id='word_1_144' title='bbox 1327 1684 1483 1730; x_wconf 78' lang='lat' dir='ltr'><strong>regem</strong></span> 
     </span>
     <span class='ocr_line' id='line_1_20' title="bbox 80 1742 1484 1797; baseline 0.002 -11"><span class='ocrx_word' id='word_1_145' title='bbox 80 1752 212 1787; x_wconf 85' lang='lat' dir='ltr'><strong>tanta</strong></span> <span class='ocrx_word' id='word_1_146' title='bbox 248 1743 421 1788; x_wconf 78' lang='lat' dir='ltr'><strong>invasit</strong></span> <span class='ocrx_word' id='word_1_147' title='bbox 456 1742 721 1797; x_wconf 81' lang='lat' dir='ltr'><strong>dementia,</strong></span> <span class='ocrx_word' id='word_1_148' title='bbox 759 1753 810 1788; x_wconf 83' lang='lat' dir='ltr'><strong>ut</strong></span> <span class='ocrx_word' id='word_1_149' title='bbox 845 1742 958 1788; x_wconf 68' lang='lat' dir='ltr'><strong>mihi</strong></span> <span class='ocrx_word' id='word_1_150' title='bbox 995 1744 1103 1789; x_wconf 87' lang='lat' dir='ltr'><strong>totis</strong></span> <span class='ocrx_word' id='word_1_151' title='bbox 1140 1743 1319 1790; x_wconf 80' lang='lat' dir='ltr'><strong>viribus</strong></span> <span class='ocrx_word' id='word_1_152' title='bbox 1351 1745 1484 1791; x_wconf 83' lang='lat' dir='ltr'><strong>illum</strong></span> 
     </span>
     <span class='ocr_line' id='line_1_21' title="bbox 80 1819 1485 1886; baseline 0.002 -21"><span class='ocrx_word' id='word_1_153' title='bbox 80 1820 338 1883; x_wconf 75' lang='lat' dir='ltr'><strong>adjuvanti</strong></span> <span class='ocrx_word' id='word_1_154' title='bbox 357 1821 612 1867; x_wconf 81' lang='lat' dir='ltr'><strong>mandaret</strong></span> <span class='ocrx_word' id='word_1_155' title='bbox 640 1819 797 1866; x_wconf 76' lang='lat' dir='ltr'><strong>talia?</strong></span> <span class='ocrx_word' id='word_1_156' title='bbox 823 1820 1137 1867; x_wconf 83' lang='lat' dir='ltr'><strong>Normannioe</strong></span> <span class='ocrx_word' id='word_1_157' title='bbox 1155 1823 1485 1886; x_wconf 82' lang='lat' dir='ltr'><strong>principatum.</strong></span> 
     </span>
     <span class='ocr_line' id='line_1_22' title="bbox 80 1898 1488 1965; baseline 0.002 -22"><span class='ocrx_word' id='word_1_158' title='bbox 80 1914 176 1943; x_wconf 91' lang='lat' dir='ltr'><strong>non</strong></span> <span class='ocrx_word' id='word_1_159' title='bbox 199 1900 476 1962; x_wconf 75' lang='lat' dir='ltr'><strong>concupivi,</strong></span> <span class='ocrx_word' id='word_1_160' title='bbox 511 1915 662 1962; x_wconf 86' lang='lat' dir='ltr'><strong>neque</strong></span> <span class='ocrx_word' id='word_1_161' title='bbox 683 1910 870 1963; x_wconf 85' lang='lat' dir='ltr'><strong>partem</strong></span> <span class='ocrx_word' id='word_1_162' title='bbox 898 1898 1111 1963; x_wconf 82' lang='lat' dir='ltr'><strong>aliquam</strong></span> <span class='ocrx_word' id='word_1_163' title='bbox 1134 1899 1195 1944; x_wconf 87' lang='lat' dir='ltr'><strong>ab</strong></span> <span class='ocrx_word' id='word_1_164' title='bbox 1220 1900 1303 1945; x_wconf 83' lang='lat' dir='ltr'><strong>illo</strong></span> <span class='ocrx_word' id='word_1_165' title='bbox 1327 1905 1488 1965; x_wconf 79' lang='lat' dir='ltr'><strong>requi-</strong></span> 
     </span>
     <span class='ocr_line' id='line_1_23' title="bbox 82 1975 1489 2042; baseline 0.004 -23"><span class='ocrx_word' id='word_1_166' title='bbox 82 1975 187 2028; x_wconf 66' lang='lat' dir='ltr'><strong>sivi,⁸</strong></span> <span class='ocrx_word' id='word_1_167' title='bbox 213 1975 299 2020; x_wconf 89' lang='lat' dir='ltr'><strong>sed</strong></span> <span class='ocrx_word' id='word_1_168' title='bbox 322 1980 423 2040; x_wconf 85' lang='lat' dir='ltr'><strong>ipse</strong></span> <span class='ocrx_word' id='word_1_169' title='bbox 455 1986 599 2021; x_wconf 80' lang='lat' dir='ltr'><strong>totam</strong></span> <span class='ocrx_word' id='word_1_170' title='bbox 628 1976 863 2039; x_wconf 75' lang='lat' dir='ltr'><strong>regionem</strong></span> <span class='ocrx_word' id='word_1_171' title='bbox 891 1979 1009 2021; x_wconf 84' lang='lat' dir='ltr'><strong>citra</strong></span> <span class='ocrx_word' id='word_1_172' title='bbox 1035 1975 1312 2040; x_wconf 76' lang='lat' dir='ltr'><strong>Sequanam</strong></span> <span class='ocrx_word' id='word_1_173' title='bbox 1341 1996 1489 2042; x_wconf 81' lang='lat' dir='ltr'><strong>usque</strong></span> 
     </span>
     <span class='ocr_line' id='line_1_24' title="bbox 82 2050 1489 2117; baseline 0.004 -22"><span class='ocrx_word' id='word_1_174' title='bbox 82 2050 153 2096; x_wconf 85' lang='lat' dir='ltr'><strong>ad</strong></span> <span class='ocrx_word' id='word_1_175' title='bbox 183 2069 312 2097; x_wconf 87' lang='lat' dir='ltr'><strong>mare</strong></span> <span class='ocrx_word' id='word_1_176' title='bbox 342 2051 460 2098; x_wconf 84' lang='lat' dir='ltr'><strong>ultro</strong></span> <span class='ocrx_word' id='word_1_177' title='bbox 496 2051 615 2097; x_wconf 76' lang='lat' dir='ltr'><strong>milti</strong></span> <span class='ocrx_word' id='word_1_178' title='bbox 646 2052 840 2110; x_wconf 87' lang='lat' dir='ltr'><strong>obtulit,</strong></span> <span class='ocrx_word' id='word_1_179' title='bbox 880 2053 1217 2117; x_wconf 72' lang='lat' dir='ltr'><strong>auxiliumque</strong></span> <span class='ocrx_word' id='word_1_180' title='bbox 1249 2072 1405 2100; x_wconf 88' lang='lat' dir='ltr'><strong>meum</strong></span> <span class='ocrx_word' id='word_1_181' title='bbox 1442 2068 1489 2100; x_wconf 77' lang='lat' dir='ltr'><strong>ut</strong></span> 
     </span>
     <span class='ocr_line' id='line_1_25' title="bbox 84 2128 1490 2196; baseline 0.003 -22"><span class='ocrx_word' id='word_1_182' title='bbox 84 2128 340 2175; x_wconf 85' lang='lat' dir='ltr'><strong>indomitos</strong></span> <span class='ocrx_word' id='word_1_183' title='bbox 354 2130 551 2194; x_wconf 83' lang='lat' dir='ltr'><strong>piratas</strong></span> <span class='ocrx_word' id='word_1_184' title='bbox 578 2129 842 2188; x_wconf 80' lang='lat' dir='ltr'><strong>edomaret,</strong></span> <span class='ocrx_word' id='word_1_185' title='bbox 863 2133 1104 2196; x_wconf 80' lang='lat' dir='ltr'><strong>poposcit.</strong></span> <span class='ocrx_word' id='word_1_186' title='bbox 1130 2131 1308 2177; x_wconf 62' lang='lat' dir='ltr'><strong>ss&#39;onne</strong></span> <span class='ocrx_word' id='word_1_187' title='bbox 1329 2136 1490 2178; x_wconf 84' lang='lat' dir='ltr'><strong>mani-</strong></span> 
     </span>
     <span class='ocr_line' id='line_1_26' title="bbox 72 2206 1487 2273; baseline 0.004 -22"><span class='ocrx_word' id='word_1_188' title='bbox 72 2206 202 2263; x_wconf 90' lang='lat' dir='ltr'><strong>festa</strong></span> <span class='ocrx_word' id='word_1_189' title='bbox 223 2208 406 2253; x_wconf 83' lang='lat' dir='ltr'><strong>cunctis</strong></span> <span class='ocrx_word' id='word_1_190' title='bbox 430 2209 623 2254; x_wconf 86' lang='lat' dir='ltr'><strong>insania</strong></span> <span class='ocrx_word' id='word_1_191' title='bbox 639 2209 866 2272; x_wconf 83' lang='lat' dir='ltr'><strong>patescit,</strong></span> <span class='ocrx_word' id='word_1_192' title='bbox 895 2209 1030 2273; x_wconf 84' lang='lat' dir='ltr'><strong>quod</strong></span> <span class='ocrx_word' id='word_1_193' title='bbox 1045 2208 1156 2255; x_wconf 87' lang='lat' dir='ltr'><strong>inde</strong></span> <span class='ocrx_word' id='word_1_194' title='bbox 1174 2227 1357 2256; x_wconf 85' lang='lat' dir='ltr'><strong>mecum.</strong></span> <span class='ocrx_word' id='word_1_195' title='bbox 1376 2228 1487 2258; x_wconf 90' lang='lat' dir='ltr'><strong>con-</strong></span> 
     </span>
     <span class='ocr_line' id='line_1_27' title="bbox 76 2280 1492 2353; baseline 0.007 -28"><span class='ocrx_word' id='word_1_196' title='bbox 76 2280 246 2347; x_wconf 78' lang='lat' dir='ltr'><strong>fligere</strong></span> <span class='ocrx_word' id='word_1_197' title='bbox 277 2284 512 2341; x_wconf 83' lang='lat' dir='ltr'><strong>decernit,</strong></span> <span class='ocrx_word' id='word_1_198' title='bbox 547 2285 673 2331; x_wconf 86' lang='lat' dir='ltr'><strong>ande</strong></span> <span class='ocrx_word' id='word_1_199' title='bbox 691 2283 915 2349; x_wconf 84' lang='lat' dir='ltr'><strong>famulor</strong></span> <span class='ocrx_word' id='word_1_200' title='bbox 949 2286 1044 2343; x_wconf 83' lang='lat' dir='ltr'><strong>illi,</strong></span> <span class='ocrx_word' id='word_1_201' title='bbox 1083 2289 1205 2333; x_wconf 81' lang='lat' dir='ltr'><strong>sicut</strong></span> <span class='ocrx_word' id='word_1_202' title='bbox 1239 2290 1340 2353; x_wconf 88' lang='lat' dir='ltr'><strong>ipse</strong></span> <span class='ocrx_word' id='word_1_203' title='bbox 1373 2290 1492 2335; x_wconf 75' lang='lat' dir='ltr'><strong>milei</strong></span> 
     </span>
     <span class='ocr_line' id='line_1_28' title="bbox 80 2359 1492 2428; baseline 0.003 -23"><span class='ocrx_word' id='word_1_204' title='bbox 80 2359 346 2425; x_wconf 63' lang='lat' dir='ltr'><strong>praecepit?</strong></span> <span class='ocrx_word' id='word_1_205' title='bbox 377 2363 526 2408; x_wconf 63' lang='lat' dir='ltr'><strong>[Wiser</strong></span> <span class='ocrx_word' id='word_1_206' title='bbox 556 2373 623 2408; x_wconf 85' lang='lat' dir='ltr'><strong>est</strong></span> <span class='ocrx_word' id='word_1_207' title='bbox 658 2364 741 2426; x_wconf 87' lang='lat' dir='ltr'><strong>qui</strong></span> <span class='ocrx_word' id='word_1_208' title='bbox 771 2364 912 2409; x_wconf 76' lang='lat' dir='ltr'><strong>servit</strong></span> <span class='ocrx_word' id='word_1_209' title='bbox 947 2365 1133 2428; x_wconf 86' lang='lat' dir='ltr'><strong>iniquo,</strong></span> <span class='ocrx_word' id='word_1_210' title='bbox 1171 2377 1212 2410; x_wconf 87' lang='lat' dir='ltr'><strong>et</strong></span> <span class='ocrx_word' id='word_1_211' title='bbox 1243 2364 1492 2412; x_wconf 79' lang='lat' dir='ltr'><strong>imbecillis</strong></span> 
     </span>
     <span class='ocr_line' id='line_1_29' title="bbox 87 2436 1493 2506; baseline 0.004 -23"><span class='ocrx_word' id='word_1_212' title='bbox 87 2442 166 2501; x_wconf 87' lang='lat' dir='ltr'><strong>qui</strong></span> <span class='ocrx_word' id='word_1_213' title='bbox 176 2436 494 2506; x_wconf 82' lang='lat' dir='ltr'><strong>fraudulento</strong></span> <span class='ocrx_word' id='word_1_214' title='bbox 515 2439 753 2504; x_wconf 75' lang='lat' dir='ltr'><strong>subigitur</strong></span> <span class='ocrx_word' id='word_1_215' title='bbox 772 2451 815 2485; x_wconf 85' lang='lat' dir='ltr'><strong>et</strong></span> <span class='ocrx_word' id='word_1_216' title='bbox 835 2441 995 2488; x_wconf 82' lang='lat' dir='ltr'><strong>stulto.</strong></span> <span class='ocrx_word' id='word_1_217' title='bbox 1024 2443 1327 2489; x_wconf 89' lang='lat' dir='ltr'><strong>Festinanter</strong></span> <span class='ocrx_word' id='word_1_218' title='bbox 1351 2445 1493 2488; x_wconf 78' lang='lat' dir='ltr'><strong>modo</strong></span> 
     </span>
    </p>
   </div>
   <div class='ocr_carea' id='block_1_3' title="bbox 90 2583 1495 2809">
    <p class='ocr_par' dir='ltr' id='par_1_4' title="bbox 90 2583 1495 2809">
     <span class='ocr_line' id='line_1_30' title="bbox 133 2583 1492 2631; baseline 0.001 -13"><span class='ocrx_word' id='word_1_219' title='bbox 133 2583 181 2627; x_wconf 86' lang='grc' dir='ltr'><strong>(ι)</strong></span> <span class='ocrx_word' id='word_1_220' title='bbox 199 2583 302 2618; x_wconf 83' lang='lat' dir='ltr'><strong>Cette</strong></span> <span class='ocrx_word' id='word_1_221' title='bbox 320 2584 555 2619; x_wconf 70' lang='lat' dir='ltr'><strong>substitution</strong></span> <span class='ocrx_word' id='word_1_222' title='bbox 576 2585 742 2619; x_wconf 80' lang='lat' dir='ltr'><strong>d&#39;Exmes</strong></span> <span class='ocrx_word' id='word_1_223' title='bbox 764 2588 782 2618; x_wconf 72' lang='grc' dir='ltr'><strong>ἐι</strong></span> <span class='ocrx_word' id='word_1_224' title='bbox 808 2586 947 2631; x_wconf 78' lang='lat' dir='ltr'><strong>Bayeux</strong></span> <span class='ocrx_word' id='word_1_225' title='bbox 971 2593 1025 2620; x_wconf 84' lang='lat' dir='ltr'><strong>est</strong></span> <span class='ocrx_word' id='word_1_226' title='bbox 1049 2585 1099 2620; x_wconf 85' lang='lat' dir='ltr'><strong>du</strong></span> <span class='ocrx_word' id='word_1_227' title='bbox 1124 2587 1211 2621; x_wconf 80' lang='lat' dir='ltr'><strong>chef</strong></span> <span class='ocrx_word' id='word_1_228' title='bbox 1231 2587 1276 2621; x_wconf 88' lang='lat' dir='ltr'><strong>de</strong></span> <span class='ocrx_word' id='word_1_229' title='bbox 1295 2594 1399 2622; x_wconf 84' lang='lat' dir='ltr'><strong>notre</strong></span> <span class='ocrx_word' id='word_1_230' title='bbox 1427 2600 1492 2621; x_wconf 85' lang='lat' dir='ltr'><strong>au-</strong></span> 
     </span>
     <span class='ocr_line' id='line_1_31' title="bbox 91 2643 1495 2692; baseline 0.004 -18"><span class='ocrx_word' id='word_1_231' title='bbox 91 2648 182 2682; x_wconf 78' lang='lat' dir='ltr'><strong>teur,</strong></span> <span class='ocrx_word' id='word_1_232' title='bbox 210 2643 307 2689; x_wconf 82' lang='lat' dir='ltr'><strong>quia</strong></span> <span class='ocrx_word' id='word_1_233' title='bbox 333 2657 395 2678; x_wconf 73' lang='lat' dir='ltr'><strong>cru</strong></span> <span class='ocrx_word' id='word_1_234' title='bbox 417 2657 461 2679; x_wconf 80' lang='lat' dir='ltr'><strong>en</strong></span> <span class='ocrx_word' id='word_1_235' title='bbox 487 2645 586 2679; x_wconf 76' lang='lat' dir='ltr'><strong>avoir</strong></span> <span class='ocrx_word' id='word_1_236' title='bbox 610 2645 734 2679; x_wconf 83' lang='lat' dir='ltr'><strong>hesoin</strong></span> <span class='ocrx_word' id='word_1_237' title='bbox 759 2657 852 2690; x_wconf 79' lang='lat' dir='ltr'><strong>pour</strong></span> <span class='ocrx_word' id='word_1_238' title='bbox 870 2646 1022 2680; x_wconf 82' lang='lat' dir='ltr'><strong>motiver</strong></span> <span class='ocrx_word' id='word_1_239' title='bbox 1045 2646 1076 2680; x_wconf 81' lang='lat' dir='ltr'><strong>la</strong></span> <span class='ocrx_word' id='word_1_240' title='bbox 1097 2649 1268 2692; x_wconf 73' lang='lat' dir='ltr'><strong>presence</strong></span> <span class='ocrx_word' id='word_1_241' title='bbox 1295 2647 1339 2681; x_wconf 85' lang='lat' dir='ltr'><strong>de</strong></span> <span class='ocrx_word' id='word_1_242' title='bbox 1364 2648 1495 2691; x_wconf 63' lang='lat' dir='ltr'><strong>Ungue</strong></span> 
     </span>
     <span class='ocr_line' id='line_1_32' title="bbox 90 2695 1489 2751; baseline 0.004 -19"><span class='ocrx_word' id='word_1_243' title='bbox 90 2711 156 2733; x_wconf 70' lang='lat' dir='ltr'><strong>aux</strong></span> <span class='ocrx_word' id='word_1_244' title='bbox 168 2701 333 2736; x_wconf 82' lang='lat' dir='ltr'><strong>environs</strong></span> <span class='ocrx_word' id='word_1_245' title='bbox 348 2702 392 2736; x_wconf 78' lang='lat' dir='ltr'><strong>de</strong></span> <span class='ocrx_word' id='word_1_246' title='bbox 408 2695 690 2737; x_wconf 69' lang='lat' dir='ltr'><strong>saint-Evroult.</strong></span> <span class='ocrx_word' id='word_1_247' title='bbox 709 2704 804 2737; x_wconf 79' lang='lat' dir='ltr'><strong>C’est</strong></span> <span class='ocrx_word' id='word_1_248' title='bbox 818 2714 950 2737; x_wconf 74' lang='lat' dir='ltr'><strong>encore</strong></span> <span class='ocrx_word' id='word_1_249' title='bbox 962 2706 978 2737; x_wconf 59' lang='lat' dir='ltr'>a</span> <span class='ocrx_word' id='word_1_250' title='bbox 991 2703 1038 2738; x_wconf 75' lang='lat' dir='ltr'><strong>lui</strong></span> <span class='ocrx_word' id='word_1_251' title='bbox 1056 2705 1166 2751; x_wconf 80' lang='lat' dir='ltr'><strong>qu&#39;on</strong></span> <span class='ocrx_word' id='word_1_252' title='bbox 1185 2705 1263 2739; x_wconf 82' lang='lat' dir='ltr'><strong>doit</strong></span> <span class='ocrx_word' id='word_1_253' title='bbox 1279 2705 1489 2739; x_wconf 69' lang='lat' dir='ltr'><strong>l’‹&#39;·1‹&#39;=van0n.</strong></span> 
     </span>
     <span class='ocr_line' id='line_1_33' title="bbox 92 2762 1166 2809; baseline 0.006 -16"><span class='ocrx_word' id='word_1_254' title='bbox 92 2767 190 2793; x_wconf 70' lang='lat' dir='ltr'><strong>toute</strong></span> <span class='ocrx_word' id='word_1_255' title='bbox 211 2763 381 2806; x_wconf 60' lang='lat' dir='ltr'><strong>gratuite,</strong></span> <span class='ocrx_word' id='word_1_256' title='bbox 404 2762 569 2796; x_wconf 64' lang='lat' dir='ltr'><strong>‹l&#39;l-Ixuws</strong></span> <span class='ocrx_word' id='word_1_257' title='bbox 594 2776 637 2796; x_wconf 76' lang='lat' dir='ltr'><strong>:iu</strong></span> <span class='ocrx_word' id='word_1_258' title='bbox 661 2775 747 2807; x_wconf 67' lang='lat' dir='ltr'><strong>sang</strong></span> <span class='ocrx_word' id='word_1_259' title='bbox 769 2762 812 2796; x_wconf 65' lang='lat' dir='ltr'><strong>dv</strong></span> <span class='ocrx_word' id='word_1_260' title='bbox 834 2763 1016 2797; x_wconf 63' lang='lat' dir='ltr'><strong>wsidvncc·</strong></span> <span class='ocrx_word' id='word_1_261' title='bbox 1036 2765 1166 2809; x_wconf 66' lang='lat' dir='ltr'><strong>royalo.</strong></span> 
     </span>
    </p>
   </div>
  </div>
 </body>
</html>
