2033 3445
121 276 237 323 [ANTE
261 274 354 322 560]
628 266 780 305 LIBER
811 265 1018 303 SEXTUS.
1473 265 1524 302 53

121 370 348 422 sequatur
363 373 434 402 me
455 356 473 416 (
483 354 541 405 il!
561 353 632 416 (2)
651 351 773 398 Illud
793 351 931 408 etiam
951 349 1006 395 ad
1022 350 1265 395 cumulum
1284 350 1528 412 perfectio-

121 436 193 481 nis
215 436 289 480 vir
311 433 394 479 Dei
417 433 522 478 altae
547 429 790 476 memoriae
816 427 1115 484 condiderat,
1142 427 1268 492 quod
1294 428 1387 490 ipsa
1411 446 1528 475 con-

120 509 431 573 temptoribus
444 506 608 554 mundi
624 506 878 570 pollicetur
890 506 1061 550 veritas
1077 506 1256 550 :Amen
1269 504 1380 550 (lico
1390 505 1528 552 vobis

118 586 251 651 quod
266 603 363 643 vos,
385 587 470 649 qui
483 595 682 650 propter
694 600 768 628 me
785 583 1040 646 reliquistis
1057 584 1235 639 omnia,
1258 583 1529 646 centuplum

117 665 381 728 aeezpietr's,
401 675 446 708 et
463 668 612 708 vitam
631 672 855 706 oeternam
872 660 1177 725 possidebitis
1196 661 1284 723 (ὅ).
1309 660 1380 722 (4)
1399 659 1531 706 Veri-

114 741 230 786 dicis
260 740 403 803 igitur
427 755 646 785 accensus
668 738 934 801 promissis,
965 736 1113 801 (quod
1140 748 1274 783 antea
1300 754 1404 783 cum
1431 735 1531 782 dis-

117 817 326 864 cretione
363 816 563 877 secerat)
594 817 711 861 sacta
744 813 1048 861 distractione
1079 831 1268 870 rerum,
1302 813 1531 878 quidquid

121 895 291 941 habere
327 895 506 958 potuit,
534 891 819 957 pauperibus
849 903 1030 956 erogat.
1069 892 1354 956 Conjugem,
1389 909 1530 956 quam

121 984 171 1018 nt
204 973 350 1037 patris
390 989 563 1019 nomen
601 970 797 1017 haberet
830 981 1094 1033 acceperat,
1133 987 1265 1015 sacro
1299 969 1532 1016 velamine

119 1068 414 1107 consecranS,
439 1049 619 1096 coelesti
644 1065 815 1112 sponso
836 1048 1139 1095 condonavit.
1164 1049 1284 1111 lpse,
1310 1059 1532 1111 tanquam

118 1128 299 1190 elapsus
323 1146 346 1173 a
371 1124 639 1191 naufragio,
664 1126 718 1171 ad
740 1126 1075 1172 monasterinm
1100 1126 1358 1180 festinavit,
1383 1135 1428 1170 ct
1446 1126 1534 1170 sac-

120 1217 192 1252 tus
212 1205 494 1260 monachus,
522 1205 694 1250 mansit
718 1203 782 1248 ibi
811 1204 856 1248 in
883 1202 1012 1249 omni
1041 1203 1304 1249 humilitate
1329 1203 1534 1249 serviens

118 1285 217 1330 Deo
242 1301 326 1347 per
354 1282 546 1348 aliquod
571 1293 780 1345 tempus;
814 1280 1202 1345 excrescebatque
1229 1281 1275 1327 in
1301 1298 1357 1328 eo
1386 1281 1533 1346 magis

119 1363 265 1425 magis
289 1372 460 1408 sanctae
486 1360 855 1407 conversationis
878 1358 1085 1405 allectus.
1119 1379 1140 1402 »

184 1438 380 1484 Relator
415 1438 524 1483 vitae
558 1435 923 1490 monasterium,
957 1434 1013 1480 ad
1050 1433 1177 1499 quod
1206 1434 1426 1498 praesatus
1459 1435 1533 1479 vir

119 1516 354 1579 confugit,
380 1515 578 1578 proprio
602 1513 795 1560 nomine
820 1511 957 1559 nobis
986 1530 1080 1559 non
1106 1511 1369 1576 distinguit.
1396 1511 1532 1558 Unde

117 1590 245 1656 quod
265 1590 322 1637 de
341 1590 430 1637 hoc
449 1590 685 1636 seniorum
712 1589 984 1635 narratione
1002 1587 1168 1645 didici,
1191 1587 1390 1652 dignum
1410 1587 1531 1635 duco

115 1669 282 1714 futuris
303 1667 514 1714 breviter
532 1667 756 1714 enodare.
774 1665 1069 1713 Venerabilis
1086 1666 1336 1723 Martinus,
1360 1665 1531 1712 Verta-

116 1747 268 1792 vensis
289 1745 431 1791 abbas
452 1746 543 1807 (5),
566 1744 804 1791 abbatiam
827 1754 1156 1790 construxerat
1174 1743 1220 1789 in
1243 1743 1366 1798 loco,
1389 1759 1529 1807 quem

115 1823 506 1871 Duos—Gemellos
548 1822 598 1884 6)
627 1821 685 1867 ab
711 1822 991 1885 antiquitate
1015 1820 1181 1884 vulgus
1215 1820 1413 1876 vocitat,
1440 1837 1530 1883 pro

117 1902 467 1947 resuscitatione
504 1899 833 1963 geminorum,
872 1915 1014 1961 quam
1043 1896 1216 1943 ibidem
1254 1898 1422 1943 factam
1456 1913 1530 1943 ve-

160 2061 215 2103 (1)
229 2058 317 2092 Luc.
335 2070 386 2099 ix,
408 2056 464 2093 23.

163 2120 213 2164 (2)
239 2118 316 2152 Hac
336 2130 425 2152 vero
444 2130 512 2163 per
531 2118 706 2163 Spiritum
726 2117 902 2152 Sanctum
921 2115 1080 2164 affectus
1098 2116 1289 2149 sententia.
1308 2114 1407 2159 (Mss.
1425 2113 1525 2148 Becc.

117 2186 153 2213 et
170 2179 325 2223 Conch.)

164 2237 212 2285 (5)
233 2238 365 2272 Manli.
387 2249 458 2279 xix,
481 2248 537 2284 ¹29.

164 2300 215 2344 (4)
232 2299 298 2333 llis
315 2300 428 2345 igilur
445 2304 479 2331 el
497 2296 718 2343 hujusmodi.
740 2296 846 2340 (Mss.
869 2295 967 2329 Bccc.
989 2301 1023 2328 ct
1043 2294 1201 2340 Conch.)

165 2358 215 2403 εδ)
238 2359 358 2404 Yoyez
379 2357 467 2392 dans
484 2357 534 2391 lcs
552 2358 649 2391 Acta
678 2357 744 2390 SS.
776 2356 864 2390 ord.
901 2356 939 2389 S.
962 2355 1052 2389 Ben.
1083 2357 1180 2399 (srec.
1204 2366 1232 2396 i,
1263 2366 1299 2400 p.
1320 2352 1408 2401 371)
1428 2353 1529 2387 l'liis-

122 2418 212 2452 toirc
232 2417 276 2451 de
296 2430 335 2452 cc
356 2418 451 2451 saint
470 2428 714 2463 personnagc,
738 2416 939 2461 originairc
957 2414 1002 2449 de
1022 2415 1177 2457 hames,
1208 2420 1244 2448 ct
1268 2414 1460 2448 sondatcui·
1485 2412 1531 2447 do

119 2475 280 2521 l’abliayc
299 2475 343 2509 dc
369 2476 507 2509 verton
522 2503 530 2517 ‚
547 2475 629 2520 pri's
648 2480 741 2508 cette
759 2473 841 2507 ville
860 2475 924 2517 (24
942 2472 1103 2514 octobre,
1125 2484 1203 2506 vers
1217 2471 1320 2517 600).

167 2533 216 2578 (6)
233 2534 297 2567 Les
312 2533 608 2567 Deux-Jumeaux
621 2560 629 2574 ,
644 2539 775 2566 canton
789 2531 953 2577 d'lsigni.
970 2531 999 2565 ll
1016 2538 1070 2565 est
1083 2530 1238 2577 possible
1255 2529 1342 2577 qu⁷il
1357 2530 1408 2564 ait
1421 2531 1533 2564 existe

123 2592 212 2627 dans
231 2606 269 2627 ce
292 2592 363 2627 lien
383 2605 433 2626 un
450 2593 655 2626 monastero
674 2604 716 2625 an
737 2599 787 2624 τιο
807 2590 912 2624 siim-le
925 2618 934 2633 ‚
955 2597 990 2624 et
1008 2590 1126 2624 mcnic
1144 2602 1215 2637 quc
1234 2590 1327 2624 saint
1345 2582 1493 2623 Eri-oult
1510 2602 1532 2634 y

126 2653 175 2686 ait
196 2653 271 2698 pris
289 2652 434 2694 l’habit3
460 2653 550 2686 mais
568 2665 608 2686 cc
626 2664 670 2685 nc
688 2651 823 2685 saun-ait
836 2650 913 2684 ὑπο
930 2662 1012 2684 sous
1032 2650 1062 2683 la
1076 2649 1254 2683 directioni
1275 2648 1318 2683 dc
1332 2649 1423 2682 saint
1442 2649 1534 2682 filar-

130 2713 182 2746 tin
209 2712 254 2746 de
275 2713 435 2752 Yertou,
464 2712 555 2746 dont
572 2712 622 2746 les
640 2711 926 2746 ctzililissements
952 2723 995 2743 nc
1024 2717 1179 2756 pcnvcnt
1197 2710 1295 2743 avoir
1312 2711 1369 2743 cte
1394 2715 1473 2742 tout
1490 2719 1535 2741 au

132 2771 213 2818 plus
233 2784 303 2818 quc
321 2772 613 2818 contempni-ains
630 2771 674 2804 do
694 2783 781 2805 ceux
797 2769 841 2804 de
862 2770 954 2804 saint
975 2769 1133 2804 Evroult.
