<?xml version="1.0" encoding="UTF-8"?>
<!DOCTYPE html PUBLIC "-//W3C//DTD XHTML 1.0 Transitional//EN"
    "http://www.w3.org/TR/xhtml1/DTD/xhtml1-transitional.dtd">
<html xmlns="http://www.w3.org/1999/xhtml" xml:lang="en" lang="en">
 <head>
  <title>
</title>
<meta http-equiv="Content-Type" content="text/html;charset=utf-8" />
  <meta name='ocr-system' content='tesseract 3.04.00' />
  <meta name='ocr-capabilities' content='ocr_page ocr_carea ocr_par ocr_line ocrx_word'/>
</head>
<body>
  <div class='ocr_page' id='page_1' title='image "./ordericivitalish03ordeuoft/ordericivitalish03ordeuoft_0331.png"; bbox 0 0 2033 3445; ppageno 0'>
   <div class='ocr_carea' id='block_1_1' title="bbox 41 308 1433 359">
    <p class='ocr_par' dir='ltr' id='par_1_1' title="bbox 41 308 1433 359">
     <span class='ocr_line' id='line_1_1' title="bbox 41 308 1433 359; baseline 0.002 -12"><span class='ocrx_word' id='word_1_1' title='bbox 41 310 304 359; x_wconf 56' lang='lat'>[10821088]</span> <span class='ocrx_word' id='word_1_2' title='bbox 518 308 668 346; x_wconf 88' lang='lat' dir='ltr'>LIBER</span> <span class='ocrx_word' id='word_1_3' title='bbox 696 308 943 347; x_wconf 81' lang='lat' dir='ltr'><strong>OCTAVUS.</strong></span> <span class='ocrx_word' id='word_1_4' title='bbox 1357 314 1433 350; x_wconf 79' lang='lat'><strong>263</strong></span> 
     </span>
    </p>
   </div>
   <div class='ocr_carea' id='block_1_2' title="bbox 33 392 1445 2233">
    <p class='ocr_par' dir='ltr' id='par_1_2' title="bbox 33 392 1438 980">
     <span class='ocr_line' id='line_1_2' title="bbox 39 392 1435 458; baseline 0.003 -19"><span class='ocrx_word' id='word_1_5' title='bbox 39 394 147 440; x_wconf 90' lang='lat' dir='ltr'><strong>tidie</strong></span> <span class='ocrx_word' id='word_1_6' title='bbox 165 392 494 450; x_wconf 91' lang='lat' dir='ltr'><strong>imminuebat,</strong></span> <span class='ocrx_word' id='word_1_7' title='bbox 519 393 793 456; x_wconf 83' lang='lat' dir='ltr'><strong>insipienter</strong></span> <span class='ocrx_word' id='word_1_8' title='bbox 811 392 1023 440; x_wconf 89' lang='lat' dir='ltr'><strong>tribuens</strong></span> <span class='ocrx_word' id='word_1_9' title='bbox 1040 394 1293 458; x_wconf 89' lang='lat' dir='ltr'><strong>unicuique</strong></span> <span class='ocrx_word' id='word_1_10' title='bbox 1309 397 1435 458; x_wconf 87' lang='lat' dir='ltr'><strong>quod</strong></span> 
     </span>
     <span class='ocr_line' id='line_1_3' title="bbox 38 468 1436 534; baseline 0.001 -18"><span class='ocrx_word' id='word_1_11' title='bbox 38 469 243 534; x_wconf 84' lang='lat' dir='ltr'><strong>petebat,</strong></span> <span class='ocrx_word' id='word_1_12' title='bbox 276 480 320 515; x_wconf 85' lang='lat' dir='ltr'><strong>et</strong></span> <span class='ocrx_word' id='word_1_13' title='bbox 353 469 448 532; x_wconf 90' lang='lat' dir='ltr'><strong>ipse</strong></span> <span class='ocrx_word' id='word_1_14' title='bbox 472 468 856 532; x_wconf 83' lang='lat' dir='ltr'>pauperescebat,</span> <span class='ocrx_word' id='word_1_15' title='bbox 889 468 1014 516; x_wconf 90' lang='lat' dir='ltr'><strong>unde</strong></span> <span class='ocrx_word' id='word_1_16' title='bbox 1045 469 1159 516; x_wconf 89' lang='lat' dir='ltr'><strong>alios</strong></span> <span class='ocrx_word' id='word_1_17' title='bbox 1191 481 1354 516; x_wconf 87' lang='lat' dir='ltr'><strong>contra</strong></span> <span class='ocrx_word' id='word_1_18' title='bbox 1389 489 1436 518; x_wconf 91' lang='lat' dir='ltr'><strong>se</strong></span> 
     </span>
     <span class='ocr_line' id='line_1_4' title="bbox 37 545 1435 605; baseline 0 -11"><span class='ocrx_word' id='word_1_19' title='bbox 37 545 305 594; x_wconf 86' lang='lat' dir='ltr'><strong>roborabat.</strong></span> <span class='ocrx_word' id='word_1_20' title='bbox 334 545 588 592; x_wconf 90' lang='lat' dir='ltr'><strong>Guillelmo</strong></span> <span class='ocrx_word' id='word_1_21' title='bbox 612 545 669 592; x_wconf 92' lang='lat' dir='ltr'><strong>de</strong></span> <span class='ocrx_word' id='word_1_22' title='bbox 691 546 893 593; x_wconf 88' lang='lat' dir='ltr'><strong>Britolio</strong></span> <span class='ocrx_word' id='word_1_23' title='bbox 917 545 1046 593; x_wconf 83' lang='lat' dir='ltr'><strong>dedit</strong></span> <span class='ocrx_word' id='word_1_24' title='bbox 1067 547 1327 605; x_wconf 84' lang='lat' dir='ltr'><strong>Ibericum,</strong></span> <span class='ocrx_word' id='word_1_25' title='bbox 1354 548 1435 594; x_wconf 83' lang='lat' dir='ltr'><strong>ubi</strong></span> 
     </span>
     <span class='ocr_line' id='line_1_5' title="bbox 38 623 1435 688; baseline -0.001 -16"><span class='ocrx_word' id='word_1_26' title='bbox 38 643 140 682; x_wconf 87' lang='lat' dir='ltr'><strong>arx,</strong></span> <span class='ocrx_word' id='word_1_27' title='bbox 171 641 309 688; x_wconf 88' lang='lat' dir='ltr'><strong>quam</strong></span> <span class='ocrx_word' id='word_1_28' title='bbox 337 623 569 670; x_wconf 84' lang='lat' dir='ltr'><strong>Albereda</strong></span> <span class='ocrx_word' id='word_1_29' title='bbox 594 624 786 687; x_wconf 84' lang='lat' dir='ltr'><strong>proavia</strong></span> <span class='ocrx_word' id='word_1_30' title='bbox 810 627 905 688; x_wconf 89' lang='lat' dir='ltr'><strong>ejus</strong></span> <span class='ocrx_word' id='word_1_31' title='bbox 929 624 1038 671; x_wconf 83' lang='lat' dir='ltr'><strong>fecit</strong></span> <span class='ocrx_word' id='word_1_32' title='bbox 1061 625 1080 687; x_wconf 81' lang='grc'>&lt;</span> <span class='ocrx_word' id='word_1_33' title='bbox 1090 625 1131 687; x_wconf 88' lang='lat'><strong>1)</strong></span> <span class='ocrx_word' id='word_1_34' title='bbox 1145 660 1157 682; x_wconf 82' lang='grc'>,</span> <span class='ocrx_word' id='word_1_35' title='bbox 1184 624 1435 671; x_wconf 84' lang='lat' dir='ltr'><strong>fortissima</strong></span> 
     </span>
     <span class='ocr_line' id='line_1_6' title="bbox 37 700 1438 766; baseline -0.001 -17"><span class='ocrx_word' id='word_1_36' title='bbox 37 713 118 749; x_wconf 89' lang='lat' dir='ltr'><strong>est.</strong></span> <span class='ocrx_word' id='word_1_37' title='bbox 142 701 205 747; x_wconf 76' lang='lat' dir='ltr'><strong>Et.</strong></span> <span class='ocrx_word' id='word_1_38' title='bbox 230 701 437 765; x_wconf 83' lang='lat' dir='ltr'><strong>Rogerio</strong></span> <span class='ocrx_word' id='word_1_39' title='bbox 460 700 516 747; x_wconf 91' lang='lat' dir='ltr'><strong>de</strong></span> <span class='ocrx_word' id='word_1_40' title='bbox 543 701 866 759; x_wconf 88' lang='lat' dir='ltr'><strong>Bellomonte‚</strong></span> <span class='ocrx_word' id='word_1_41' title='bbox 896 702 974 766; x_wconf 89' lang='lat' dir='ltr'><strong>qui</strong></span> <span class='ocrx_word' id='word_1_42' title='bbox 998 700 1178 748; x_wconf 84' lang='lat' dir='ltr'>solebat</span> <span class='ocrx_word' id='word_1_43' title='bbox 1200 700 1438 748; x_wconf 84' lang='lat' dir='ltr'><strong>Ibericum</strong></span> 
     </span>
     <span class='ocr_line' id='line_1_7' title="bbox 33 778 1434 843; baseline -0.001 -18"><span class='ocrx_word' id='word_1_44' title='bbox 33 783 156 843; x_wconf 82' lang='lat' dir='ltr'><strong>jussu</strong></span> <span class='ocrx_word' id='word_1_45' title='bbox 184 778 422 824; x_wconf 88' lang='lat' dir='ltr'><strong>Guillelmi</strong></span> <span class='ocrx_word' id='word_1_46' title='bbox 458 779 580 842; x_wconf 82' lang='lat' dir='ltr'><strong>regis</strong></span> <span class='ocrx_word' id='word_1_47' title='bbox 613 778 870 835; x_wconf 86' lang='lat' dir='ltr'><strong>custodire,</strong></span> <span class='ocrx_word' id='word_1_48' title='bbox 909 778 1137 826; x_wconf 85' lang='lat' dir='ltr'><strong>concessit</strong></span> <span class='ocrx_word' id='word_1_49' title='bbox 1164 778 1434 834; x_wconf 81' lang='lat' dir='ltr'><strong>Brioniam3</strong></span> 
     </span>
     <span class='ocr_line' id='line_1_8' title="bbox 36 855 1438 921; baseline 0 -19"><span class='ocrx_word' id='word_1_50' title='bbox 36 855 159 921; x_wconf 85' lang='lat' dir='ltr'><strong>quod</strong></span> <span class='ocrx_word' id='word_1_51' title='bbox 178 855 404 919; x_wconf 90' lang='lat' dir='ltr'><strong>oppidum</strong></span> <span class='ocrx_word' id='word_1_52' title='bbox 423 855 791 902; x_wconf 84' lang='lat' dir='ltr'><strong>munitissimum</strong></span> <span class='ocrx_word' id='word_1_53' title='bbox 806 893 816 912; x_wconf 93' lang='lat'>‚</span> <span class='ocrx_word' id='word_1_54' title='bbox 839 868 885 904; x_wconf 87' lang='lat' dir='ltr'><strong>et</strong></span> <span class='ocrx_word' id='word_1_55' title='bbox 906 857 952 903; x_wconf 92' lang='lat' dir='ltr'><strong>in</strong></span> <span class='ocrx_word' id='word_1_56' title='bbox 974 856 1117 904; x_wconf 89' lang='lat' dir='ltr'><strong>corde</strong></span> <span class='ocrx_word' id='word_1_57' title='bbox 1136 868 1276 903; x_wconf 86' lang='lat' dir='ltr'><strong>terrae</strong></span> <span class='ocrx_word' id='word_1_58' title='bbox 1296 857 1438 902; x_wconf 89' lang='lat' dir='ltr'><strong>situm</strong></span> 
     </span>
     <span class='ocr_line' id='line_1_9' title="bbox 37 945 118 980; baseline 0 0"><span class='ocrx_word' id='word_1_59' title='bbox 37 945 118 980; x_wconf 73' lang='lat' dir='ltr'><strong>est.</strong></span> 
     </span>
    </p>

    <p class='ocr_par' dir='ltr' id='par_1_3' title="bbox 33 1010 1445 2233">
     <span class='ocr_line' id='line_1_10' title="bbox 97 1010 1439 1076; baseline -0.001 -20"><span class='ocrx_word' id='word_1_60' title='bbox 97 1010 224 1065; x_wconf 89' lang='lat' dir='ltr'><strong>Odo,</strong></span> <span class='ocrx_word' id='word_1_61' title='bbox 259 1010 519 1074; x_wconf 85' lang='lat' dir='ltr'><strong>Bajocensis</strong></span> <span class='ocrx_word' id='word_1_62' title='bbox 552 1012 823 1074; x_wconf 80' lang='lat' dir='ltr'><strong>episcopus,</strong></span> <span class='ocrx_word' id='word_1_63' title='bbox 864 1022 1114 1076; x_wconf 79' lang='lat' dir='ltr'>postquam</span> <span class='ocrx_word' id='word_1_64' title='bbox 1152 1010 1208 1057; x_wconf 90' lang='lat' dir='ltr'><strong>de</strong></span> <span class='ocrx_word' id='word_1_65' title='bbox 1251 1026 1439 1057; x_wconf 89' lang='lat' dir='ltr'><strong>carcere</strong></span> 
     </span>
     <span class='ocr_line' id='line_1_11' title="bbox 38 1087 1439 1151; baseline -0.001 -18"><span class='ocrx_word' id='word_1_66' title='bbox 38 1087 153 1134; x_wconf 86' lang='lat' dir='ltr'><strong>liber</strong></span> <span class='ocrx_word' id='word_1_67' title='bbox 189 1104 396 1151; x_wconf 80' lang='lat' dir='ltr'><strong>egressus</strong></span> <span class='ocrx_word' id='word_1_68' title='bbox 434 1098 527 1144; x_wconf 89' lang='lat' dir='ltr'><strong>est,</strong></span> <span class='ocrx_word' id='word_1_69' title='bbox 570 1099 721 1135; x_wconf 89' lang='lat' dir='ltr'><strong>totum</strong></span> <span class='ocrx_word' id='word_1_70' title='bbox 764 1089 810 1133; x_wconf 88' lang='lat' dir='ltr'><strong>in</strong></span> <span class='ocrx_word' id='word_1_71' title='bbox 849 1088 1141 1135; x_wconf 84' lang='lat' dir='ltr'><strong>Normannia</strong></span> <span class='ocrx_word' id='word_1_72' title='bbox 1187 1087 1439 1150; x_wconf 87' lang='lat' dir='ltr'><strong>pristinum</strong></span> 
     </span>
     <span class='ocr_line' id='line_1_12' title="bbox 37 1163 1438 1229; baseline -0.001 -18"><span class='ocrx_word' id='word_1_73' title='bbox 37 1165 263 1212; x_wconf 88' lang='lat' dir='ltr'><strong>honorem</strong></span> <span class='ocrx_word' id='word_1_74' title='bbox 297 1165 489 1229; x_wconf 87' lang='lat' dir='ltr'><strong>adeptus</strong></span> <span class='ocrx_word' id='word_1_75' title='bbox 524 1178 614 1223; x_wconf 86' lang='lat' dir='ltr'><strong>est,</strong></span> <span class='ocrx_word' id='word_1_76' title='bbox 640 1177 687 1212; x_wconf 93' lang='lat' dir='ltr'><strong>et</strong></span> <span class='ocrx_word' id='word_1_77' title='bbox 711 1166 1003 1212; x_wconf 84' lang='lat' dir='ltr'><strong>consiliarius</strong></span> <span class='ocrx_word' id='word_1_78' title='bbox 1035 1166 1188 1222; x_wconf 88' lang='lat' dir='ltr'><strong>ducis,</strong></span> <span class='ocrx_word' id='word_1_79' title='bbox 1224 1163 1438 1212; x_wconf 86' lang='lat' dir='ltr'><strong>videlicet</strong></span> 
     </span>
     <span class='ocr_line' id='line_1_13' title="bbox 36 1244 1441 1308; baseline -0.001 -19"><span class='ocrx_word' id='word_1_80' title='bbox 36 1244 217 1307; x_wconf 86' lang='lat' dir='ltr'><strong>nepotis</strong></span> <span class='ocrx_word' id='word_1_81' title='bbox 242 1244 338 1299; x_wconf 86' lang='lat' dir='ltr'><strong>sui,</strong></span> <span class='ocrx_word' id='word_1_82' title='bbox 358 1245 504 1291; x_wconf 76' lang='lat' dir='ltr'><strong>factus</strong></span> <span class='ocrx_word' id='word_1_83' title='bbox 524 1255 608 1290; x_wconf 88' lang='lat' dir='ltr'><strong>est.</strong></span> <span class='ocrx_word' id='word_1_84' title='bbox 630 1245 747 1290; x_wconf 84' lang='lat' dir='ltr'><strong>Erat</strong></span> <span class='ocrx_word' id='word_1_85' title='bbox 766 1244 897 1290; x_wconf 89' lang='lat' dir='ltr'><strong>enim</strong></span> <span class='ocrx_word' id='word_1_86' title='bbox 922 1244 1145 1308; x_wconf 88' lang='lat' dir='ltr'><strong>eloquens</strong></span> <span class='ocrx_word' id='word_1_87' title='bbox 1171 1254 1217 1289; x_wconf 91' lang='lat' dir='ltr'><strong>et</strong></span> <span class='ocrx_word' id='word_1_88' title='bbox 1241 1259 1441 1305; x_wconf 84' lang='lat' dir='ltr'><strong>magna-</strong></span> 
     </span>
     <span class='ocr_line' id='line_1_14' title="bbox 35 1320 1437 1384; baseline -0.002 -18"><span class='ocrx_word' id='word_1_89' title='bbox 35 1322 214 1378; x_wconf 84' lang='lat' dir='ltr'><strong>nimus,</strong></span> <span class='ocrx_word' id='word_1_90' title='bbox 236 1321 421 1384; x_wconf 75' lang='lat' dir='ltr'><strong>dapsilis</strong></span> <span class='ocrx_word' id='word_1_91' title='bbox 451 1332 497 1368; x_wconf 91' lang='lat' dir='ltr'><strong>et</strong></span> <span class='ocrx_word' id='word_1_92' title='bbox 523 1321 780 1368; x_wconf 87' lang='lat' dir='ltr'><strong>secundum</strong></span> <span class='ocrx_word' id='word_1_93' title='bbox 799 1322 1022 1368; x_wconf 89' lang='lat' dir='ltr'><strong>saeculum</strong></span> <span class='ocrx_word' id='word_1_94' title='bbox 1048 1320 1181 1368; x_wconf 79' lang='lat' dir='ltr'><strong>valde</strong></span> <span class='ocrx_word' id='word_1_95' title='bbox 1204 1330 1437 1366; x_wconf 80' lang='lat' dir='ltr'><strong>strenuus.</strong></span> 
     </span>
     <span class='ocr_line' id='line_1_15' title="bbox 35 1397 1442 1462; baseline -0.001 -20"><span class='ocrx_word' id='word_1_96' title='bbox 35 1397 289 1461; x_wconf 81' lang='lat' dir='ltr'><strong>Religiosos</strong></span> <span class='ocrx_word' id='word_1_97' title='bbox 305 1397 520 1444; x_wconf 86' lang='lat' dir='ltr'><strong>homines</strong></span> <span class='ocrx_word' id='word_1_98' title='bbox 534 1397 787 1462; x_wconf 79' lang='lat' dir='ltr'><strong>diligenter</strong></span> <span class='ocrx_word' id='word_1_99' title='bbox 805 1397 1089 1453; x_wconf 84' lang='lat' dir='ltr'><strong>honorabat,</strong></span> <span class='ocrx_word' id='word_1_100' title='bbox 1111 1397 1290 1443; x_wconf 87' lang='lat' dir='ltr'><strong>clerum</strong></span> <span class='ocrx_word' id='word_1_101' title='bbox 1307 1413 1442 1442; x_wconf 89' lang='lat' dir='ltr'><strong>suum</strong></span> 
     </span>
     <span class='ocr_line' id='line_1_16' title="bbox 33 1474 1442 1537; baseline -0.001 -18"><span class='ocrx_word' id='word_1_102' title='bbox 33 1475 203 1520; x_wconf 84' lang='lat' dir='ltr'><strong>acriter</strong></span> <span class='ocrx_word' id='word_1_103' title='bbox 234 1492 341 1521; x_wconf 89' lang='lat' dir='ltr'><strong>ense</strong></span> <span class='ocrx_word' id='word_1_104' title='bbox 373 1487 419 1522; x_wconf 90' lang='lat' dir='ltr'><strong>et</strong></span> <span class='ocrx_word' id='word_1_105' title='bbox 452 1475 598 1522; x_wconf 77' lang='lat' dir='ltr'><strong>verbo</strong></span> <span class='ocrx_word' id='word_1_106' title='bbox 626 1474 928 1530; x_wconf 76' lang='lat' dir='ltr'><strong>defendebat,</strong></span> <span class='ocrx_word' id='word_1_107' title='bbox 962 1475 1299 1537; x_wconf 84' lang='lat' dir='ltr'><strong>ecclesiamque</strong></span> <span class='ocrx_word' id='word_1_108' title='bbox 1329 1490 1442 1536; x_wconf 88' lang='lat' dir='ltr'><strong>pre-</strong></span> 
     </span>
     <span class='ocr_line' id='line_1_17' title="bbox 36 1549 1441 1614; baseline -0.001 -20"><span class='ocrx_word' id='word_1_109' title='bbox 36 1550 159 1597; x_wconf 86' lang='lat' dir='ltr'><strong>tiosis</strong></span> <span class='ocrx_word' id='word_1_110' title='bbox 187 1553 479 1598; x_wconf 80' lang='lat' dir='ltr'><strong>ornamentis</strong></span> <span class='ocrx_word' id='word_1_111' title='bbox 511 1552 698 1614; x_wconf 86' lang='lat' dir='ltr'><strong>copiose</strong></span> <span class='ocrx_word' id='word_1_112' title='bbox 728 1567 813 1614; x_wconf 87' lang='lat' dir='ltr'><strong>per</strong></span> <span class='ocrx_word' id='word_1_113' title='bbox 842 1551 1001 1597; x_wconf 89' lang='lat' dir='ltr'><strong>omnia</strong></span> <span class='ocrx_word' id='word_1_114' title='bbox 1031 1549 1303 1596; x_wconf 86' lang='lat' dir='ltr'><strong>decorabat.</strong></span> <span class='ocrx_word' id='word_1_115' title='bbox 1341 1550 1441 1595; x_wconf 83' lang='lat' dir='ltr'><strong>Hoc</strong></span> 
     </span>
     <span class='ocr_line' id='line_1_18' title="bbox 35 1627 1441 1693; baseline 0 -21"><span class='ocrx_word' id='word_1_116' title='bbox 35 1638 311 1676; x_wconf 80' lang='lat' dir='ltr'><strong>attestantur</strong></span> <span class='ocrx_word' id='word_1_117' title='bbox 349 1627 541 1674; x_wconf 83' lang='lat' dir='ltr'><strong>aedificia</strong></span> <span class='ocrx_word' id='word_1_118' title='bbox 578 1646 684 1693; x_wconf 83' lang='lat' dir='ltr'><strong>quae</strong></span> <span class='ocrx_word' id='word_1_119' title='bbox 726 1629 1020 1684; x_wconf 86' lang='lat' dir='ltr'><strong>construxit,</strong></span> <span class='ocrx_word' id='word_1_120' title='bbox 1061 1639 1107 1674; x_wconf 91' lang='lat' dir='ltr'><strong>et</strong></span> <span class='ocrx_word' id='word_1_121' title='bbox 1147 1627 1346 1691; x_wconf 81' lang='lat' dir='ltr'><strong>insignia</strong></span> <span class='ocrx_word' id='word_1_122' title='bbox 1387 1643 1441 1672; x_wconf 86' lang='lat' dir='ltr'><strong>ex</strong></span> 
     </span>
     <span class='ocr_line' id='line_1_19' title="bbox 35 1703 1443 1769; baseline -0.002 -18"><span class='ocrx_word' id='word_1_123' title='bbox 35 1722 147 1752; x_wconf 86' lang='lat' dir='ltr'><strong>auro</strong></span> <span class='ocrx_word' id='word_1_124' title='bbox 173 1716 220 1751; x_wconf 91' lang='lat' dir='ltr'><strong>et</strong></span> <span class='ocrx_word' id='word_1_125' title='bbox 246 1717 444 1769; x_wconf 82' lang='lat' dir='ltr'><strong>argento</strong></span> <span class='ocrx_word' id='word_1_126' title='bbox 472 1723 575 1752; x_wconf 81' lang='lat' dir='ltr'><strong>vasa</strong></span> <span class='ocrx_word' id='word_1_127' title='bbox 605 1717 651 1753; x_wconf 90' lang='lat' dir='ltr'><strong>et</strong></span> <span class='ocrx_word' id='word_1_128' title='bbox 680 1706 979 1763; x_wconf 90' lang='lat' dir='ltr'><strong>indumenta,</strong></span> <span class='ocrx_word' id='word_1_129' title='bbox 1008 1704 1179 1769; x_wconf 88' lang='lat' dir='ltr'><strong>quibus</strong></span> <span class='ocrx_word' id='word_1_130' title='bbox 1203 1703 1443 1749; x_wconf 84' lang='lat' dir='ltr'><strong>basilicam</strong></span> 
     </span>
     <span class='ocr_line' id='line_1_20' title="bbox 33 1781 1443 1845; baseline 0 -20"><span class='ocrx_word' id='word_1_131' title='bbox 33 1782 103 1828; x_wconf 79' lang='lat' dir='ltr'><strong>vel</strong></span> <span class='ocrx_word' id='word_1_132' title='bbox 127 1782 303 1829; x_wconf 90' lang='lat' dir='ltr'><strong>clerum</strong></span> <span class='ocrx_word' id='word_1_133' title='bbox 333 1784 541 1829; x_wconf 87' lang='lat' dir='ltr'><strong>ornavit.</strong></span> <span class='ocrx_word' id='word_1_134' title='bbox 576 1784 629 1829; x_wconf 89' lang='lat' dir='ltr'><strong>ln</strong></span> <span class='ocrx_word' id='word_1_135' title='bbox 659 1782 995 1839; x_wconf 89' lang='lat' dir='ltr'><strong>adolescentia,</strong></span> <span class='ocrx_word' id='word_1_136' title='bbox 1022 1798 1111 1845; x_wconf 83' lang='lat' dir='ltr'><strong>pro</strong></span> <span class='ocrx_word' id='word_1_137' title='bbox 1135 1781 1443 1845; x_wconf 81' lang='lat' dir='ltr'><strong>germanitate</strong></span> 
     </span>
     <span class='ocr_line' id='line_1_21' title="bbox 33 1856 1444 1924; baseline -0.001 -21"><span class='ocrx_word' id='word_1_138' title='bbox 33 1856 183 1915; x_wconf 86' lang='lat' dir='ltr'><strong>ducis,</strong></span> <span class='ocrx_word' id='word_1_139' title='bbox 209 1858 342 1904; x_wconf 92' lang='lat' dir='ltr'><strong>datus</strong></span> <span class='ocrx_word' id='word_1_140' title='bbox 366 1870 434 1905; x_wconf 92' lang='lat' dir='ltr'><strong>est</strong></span> <span class='ocrx_word' id='word_1_141' title='bbox 458 1860 496 1906; x_wconf 91' lang='lat' dir='ltr'><strong>ei</strong></span> <span class='ocrx_word' id='word_1_142' title='bbox 524 1860 786 1924; x_wconf 89' lang='lat' dir='ltr'><strong>Bajocensis</strong></span> <span class='ocrx_word' id='word_1_143' title='bbox 809 1858 1110 1922; x_wconf 83' lang='lat' dir='ltr'><strong>praesulatus,</strong></span> <span class='ocrx_word' id='word_1_144' title='bbox 1143 1859 1190 1902; x_wconf 88' lang='lat' dir='ltr'><strong>in</strong></span> <span class='ocrx_word' id='word_1_145' title='bbox 1220 1874 1316 1921; x_wconf 90' lang='lat' dir='ltr'><strong>quo</strong></span> <span class='ocrx_word' id='word_1_146' title='bbox 1340 1857 1444 1920; x_wconf 85' lang='lat' dir='ltr'><strong>plus</strong></span> 
     </span>
     <span class='ocr_line' id='line_1_22' title="bbox 34 1935 1444 2001; baseline -0.001 -20"><span class='ocrx_word' id='word_1_147' title='bbox 34 1952 167 1999; x_wconf 91' lang='lat' dir='ltr'><strong>quam</strong></span> <span class='ocrx_word' id='word_1_148' title='bbox 188 1937 530 2001; x_wconf 85' lang='lat' dir='ltr'><strong>quinquaginta</strong></span> <span class='ocrx_word' id='word_1_149' title='bbox 555 1938 689 1983; x_wconf 91' lang='lat' dir='ltr'><strong>annis</strong></span> <span class='ocrx_word' id='word_1_150' title='bbox 714 1938 784 2000; x_wconf 82' lang='lat'><strong>(2)</strong></span> <span class='ocrx_word' id='word_1_151' title='bbox 806 1936 1010 2000; x_wconf 78' lang='lat' dir='ltr'><strong>pollenS,</strong></span> <span class='ocrx_word' id='word_1_152' title='bbox 1039 1935 1221 1981; x_wconf 70' lang='lat' dir='ltr'><strong>diversa</strong></span> <span class='ocrx_word' id='word_1_153' title='bbox 1242 1945 1310 1979; x_wconf 87' lang='lat' dir='ltr'><strong>est</strong></span> <span class='ocrx_word' id='word_1_154' title='bbox 1326 1950 1444 1996; x_wconf 86' lang='lat' dir='ltr'><strong>ope-</strong></span> 
     </span>
     <span class='ocr_line' id='line_1_23' title="bbox 35 2011 1444 2078; baseline -0.001 -21"><span class='ocrx_word' id='word_1_155' title='bbox 35 2023 172 2059; x_wconf 84' lang='lat' dir='ltr'><strong>ratus.</strong></span> <span class='ocrx_word' id='word_1_156' title='bbox 208 2014 262 2060; x_wconf 91' lang='lat' dir='ltr'><strong>In</strong></span> <span class='ocrx_word' id='word_1_157' title='bbox 291 2012 572 2078; x_wconf 86' lang='lat' dir='ltr'><strong>quibusdam</strong></span> <span class='ocrx_word' id='word_1_158' title='bbox 601 2015 792 2077; x_wconf 87' lang='lat' dir='ltr'><strong>spiritus</strong></span> <span class='ocrx_word' id='word_1_159' title='bbox 822 2014 862 2059; x_wconf 92' lang='lat' dir='ltr'><strong>ei</strong></span> <span class='ocrx_word' id='word_1_160' title='bbox 892 2011 1194 2059; x_wconf 87' lang='lat' dir='ltr'><strong>laudabiliter</strong></span> <span class='ocrx_word' id='word_1_161' title='bbox 1220 2011 1444 2058; x_wconf 87' lang='lat' dir='ltr'><strong>domina-</strong></span> 
     </span>
     <span class='ocr_line' id='line_1_24' title="bbox 34 2087 1444 2154; baseline -0.002 -19"><span class='ocrx_word' id='word_1_162' title='bbox 34 2088 195 2148; x_wconf 88' lang='lat' dir='ltr'><strong>batur,</strong></span> <span class='ocrx_word' id='word_1_163' title='bbox 238 2091 283 2136; x_wconf 91' lang='lat' dir='ltr'><strong>in</strong></span> <span class='ocrx_word' id='word_1_164' title='bbox 324 2092 568 2138; x_wconf 87' lang='lat' dir='ltr'><strong>nonnullis</strong></span> <span class='ocrx_word' id='word_1_165' title='bbox 601 2108 716 2138; x_wconf 88' lang='lat' dir='ltr'><strong>vero</strong></span> <span class='ocrx_word' id='word_1_166' title='bbox 750 2091 935 2154; x_wconf 83' lang='lat' dir='ltr'><strong>spiritui</strong></span> <span class='ocrx_word' id='word_1_167' title='bbox 967 2107 1076 2136; x_wconf 89' lang='lat' dir='ltr'><strong>caro</strong></span> <span class='ocrx_word' id='word_1_168' title='bbox 1110 2087 1444 2135; x_wconf 88' lang='lat' dir='ltr'><strong>miserabiliter</strong></span> 
     </span>
     <span class='ocr_line' id='line_1_25' title="bbox 35 2165 1445 2233; baseline -0.002 -20"><span class='ocrx_word' id='word_1_169' title='bbox 35 2167 404 2231; x_wconf 84' lang='lat' dir='ltr'><strong>principabatur.</strong></span> <span class='ocrx_word' id='word_1_170' title='bbox 429 2169 616 2215; x_wconf 89' lang='lat' dir='ltr'><strong>Carnali</strong></span> <span class='ocrx_word' id='word_1_171' title='bbox 640 2185 754 2233; x_wconf 81' lang='lat' dir='ltr'><strong>ergo</strong></span> <span class='ocrx_word' id='word_1_172' title='bbox 779 2168 950 2215; x_wconf 88' lang='lat' dir='ltr'><strong>ardore</strong></span> <span class='ocrx_word' id='word_1_173' title='bbox 969 2168 1253 2223; x_wconf 76' lang='lat' dir='ltr'><strong>stimulatus,</strong></span> <span class='ocrx_word' id='word_1_174' title='bbox 1281 2165 1445 2229; x_wconf 85' lang='lat' dir='ltr'><strong>genuit</strong></span> 
     </span>
    </p>
   </div>
   <div class='ocr_carea' id='block_1_3' title="bbox 37 2329 1447 2851">
    <p class='ocr_par' dir='ltr' id='par_1_4' title="bbox 37 2329 1446 2544">
     <span class='ocr_line' id='line_1_26' title="bbox 78 2329 1444 2378; baseline -0.004 -10"><span class='ocrx_word' id='word_1_175' title='bbox 78 2333 127 2378; x_wconf 81' lang='grc' dir='ltr'><strong>(ι)</strong></span> <span class='ocrx_word' id='word_1_176' title='bbox 152 2332 351 2377; x_wconf 85' lang='lat' dir='ltr'><strong>Alberede,</strong></span> <span class='ocrx_word' id='word_1_177' title='bbox 380 2334 512 2368; x_wconf 83' lang='lat' dir='ltr'><strong>semme</strong></span> <span class='ocrx_word' id='word_1_178' title='bbox 537 2333 582 2368; x_wconf 87' lang='lat' dir='ltr'><strong>de</strong></span> <span class='ocrx_word' id='word_1_179' title='bbox 608 2332 746 2375; x_wconf 86' lang='lat' dir='ltr'><strong>Raoul‚</strong></span> <span class='ocrx_word' id='word_1_180' title='bbox 772 2338 892 2366; x_wconf 86' lang='lat' dir='ltr'><strong>comte</strong></span> <span class='ocrx_word' id='word_1_181' title='bbox 910 2331 1018 2365; x_wconf 82' lang='lat' dir='ltr'><strong>d&#39;Ivri</strong></span> <span class='ocrx_word' id='word_1_182' title='bbox 1044 2330 1144 2365; x_wconf 84' lang='lat' dir='ltr'><strong>etde</strong></span> <span class='ocrx_word' id='word_1_183' title='bbox 1165 2331 1326 2375; x_wconf 79' lang='lat' dir='ltr'><strong>Bayeux,</strong></span> <span class='ocrx_word' id='word_1_184' title='bbox 1350 2329 1444 2363; x_wconf 65' lang='lat' dir='ltr'><strong>frere.</strong></span> 
     </span>
     <span class='ocr_line' id='line_1_27' title="bbox 37 2389 1446 2437; baseline -0.002 -13"><span class='ocrx_word' id='word_1_185' title='bbox 37 2391 156 2426; x_wconf 78' lang='lat' dir='ltr'><strong>uterin</strong></span> <span class='ocrx_word' id='word_1_186' title='bbox 172 2391 217 2427; x_wconf 89' lang='lat' dir='ltr'><strong>de</strong></span> <span class='ocrx_word' id='word_1_187' title='bbox 236 2392 398 2428; x_wconf 83' lang='lat' dir='ltr'><strong>Richard</strong></span> <span class='ocrx_word' id='word_1_188' title='bbox 414 2393 471 2427; x_wconf 70' lang='lat'><strong>1²¹.</strong></span> <span class='ocrx_word' id='word_1_189' title='bbox 492 2393 594 2428; x_wconf 61' lang='lat' dir='ltr'><strong>Nous</strong></span> <span class='ocrx_word' id='word_1_190' title='bbox 609 2404 759 2427; x_wconf 79' lang='lat' dir='ltr'><strong>verrons</strong></span> <span class='ocrx_word' id='word_1_191' title='bbox 777 2391 1077 2437; x_wconf 83' lang='lat' dir='ltr'><strong>prochainement</strong></span> <span class='ocrx_word' id='word_1_192' title='bbox 1095 2389 1144 2423; x_wconf 79' lang='lat' dir='ltr'><strong>les</strong></span> <span class='ocrx_word' id='word_1_193' title='bbox 1163 2389 1352 2424; x_wconf 83' lang='lat' dir='ltr'><strong>souvenirs</strong></span> <span class='ocrx_word' id='word_1_194' title='bbox 1367 2399 1446 2421; x_wconf 84' lang='lat' dir='ltr'><strong>san-</strong></span> 
     </span>
     <span class='ocr_line' id='line_1_28' title="bbox 38 2447 1444 2498; baseline -0.006 -9"><span class='ocrx_word' id='word_1_195' title='bbox 38 2448 151 2495; x_wconf 80' lang='lat' dir='ltr'><strong>glants</strong></span> <span class='ocrx_word' id='word_1_196' title='bbox 177 2451 240 2498; x_wconf 89' lang='lat' dir='ltr'><strong>qui</strong></span> <span class='ocrx_word' id='word_1_197' title='bbox 266 2452 402 2486; x_wconf 75' lang='lat' dir='ltr'><strong>etaient</strong></span> <span class='ocrx_word' id='word_1_198' title='bbox 434 2453 545 2487; x_wconf 80' lang='lat' dir='ltr'><strong>restes</strong></span> <span class='ocrx_word' id='word_1_199' title='bbox 576 2451 738 2486; x_wconf 77' lang='lat' dir='ltr'><strong>attaches</strong></span> <span class='ocrx_word' id='word_1_200' title='bbox 768 2452 785 2484; x_wconf 74' lang='lat' dir='ltr'><strong>a</strong></span> <span class='ocrx_word' id='word_1_201' title='bbox 814 2449 846 2484; x_wconf 87' lang='lat' dir='ltr'><strong>la</strong></span> <span class='ocrx_word' id='word_1_202' title='bbox 874 2450 1123 2484; x_wconf 80' lang='lat' dir='ltr'><strong>construction</strong></span> <span class='ocrx_word' id='word_1_203' title='bbox 1152 2448 1197 2482; x_wconf 91' lang='lat' dir='ltr'><strong>de</strong></span> <span class='ocrx_word' id='word_1_204' title='bbox 1227 2460 1265 2481; x_wconf 87' lang='lat' dir='ltr'><strong>ce</strong></span> <span class='ocrx_word' id='word_1_205' title='bbox 1295 2447 1444 2482; x_wconf 66' lang='lat' dir='ltr'><strong>chateau</strong></span> 
     </span>
     <span class='ocr_line' id='line_1_29' title="bbox 38 2507 158 2544; baseline 0.017 -2"><span class='ocrx_word' id='word_1_206' title='bbox 38 2507 158 2544; x_wconf 81' lang='lat' dir='ltr'><strong>d&#39;Ivri.</strong></span> 
     </span>
    </p>

    <p class='ocr_par' dir='ltr' id='par_1_5' title="bbox 39 2565 1447 2851">
     <span class='ocr_line' id='line_1_30' title="bbox 83 2565 1447 2616; baseline -0.001 -15"><span class='ocrx_word' id='word_1_207' title='bbox 83 2566 134 2613; x_wconf 83' lang='lat'><strong>(2)</strong></span> <span class='ocrx_word' id='word_1_208' title='bbox 158 2568 271 2603; x_wconf 86' lang='lat' dir='ltr'><strong>Notre</strong></span> <span class='ocrx_word' id='word_1_209' title='bbox 297 2575 426 2604; x_wconf 85' lang='lat' dir='ltr'><strong>auteur</strong></span> <span class='ocrx_word' id='word_1_210' title='bbox 449 2570 542 2605; x_wconf 78' lang='lat' dir='ltr'><strong>n&#39;est</strong></span> <span class='ocrx_word' id='word_1_211' title='bbox 566 2582 627 2616; x_wconf 88' lang='lat' dir='ltr'><strong>pas</strong></span> <span class='ocrx_word' id='word_1_212' title='bbox 654 2569 736 2616; x_wconf 84' lang='lat' dir='ltr'><strong>plus</strong></span> <span class='ocrx_word' id='word_1_213' title='bbox 757 2569 923 2603; x_wconf 83' lang='lat' dir='ltr'><strong>heureux</strong></span> <span class='ocrx_word' id='word_1_214' title='bbox 947 2568 992 2602; x_wconf 86' lang='lat' dir='ltr'><strong>ici</strong></span> <span class='ocrx_word' id='word_1_215' title='bbox 1019 2568 1101 2615; x_wconf 78' lang='lat' dir='ltr'><strong>qu&#39;a</strong></span> <span class='ocrx_word' id='word_1_216' title='bbox 1125 2566 1334 2601; x_wconf 81' lang='lat' dir='ltr'><strong>l’ordinaire</strong></span> <span class='ocrx_word' id='word_1_217' title='bbox 1359 2565 1447 2599; x_wconf 77' lang='lat' dir='ltr'><strong>dans</strong></span> 
     </span>
     <span class='ocr_line' id='line_1_31' title="bbox 39 2625 1445 2676; baseline -0.001 -17"><span class='ocrx_word' id='word_1_218' title='bbox 39 2637 91 2659; x_wconf 72' lang='lat' dir='ltr'><strong>ses</strong></span> <span class='ocrx_word' id='word_1_219' title='bbox 110 2629 365 2673; x_wconf 82' lang='lat' dir='ltr'><strong>supputations</strong></span> <span class='ocrx_word' id='word_1_220' title='bbox 393 2628 715 2676; x_wconf 83' lang='lat' dir='ltr'><strong>chronologiques.</strong></span> <span class='ocrx_word' id='word_1_221' title='bbox 747 2627 831 2663; x_wconf 92' lang='lat' dir='ltr'><strong>Odo</strong></span> <span class='ocrx_word' id='word_1_222' title='bbox 858 2628 1029 2674; x_wconf 82' lang='lat' dir='ltr'><strong>n’occupa</strong></span> <span class='ocrx_word' id='word_1_223' title='bbox 1054 2627 1086 2661; x_wconf 88' lang='lat' dir='ltr'><strong>le</strong></span> <span class='ocrx_word' id='word_1_224' title='bbox 1111 2627 1206 2673; x_wconf 76' lang='lat' dir='ltr'><strong>siege</strong></span> <span class='ocrx_word' id='word_1_225' title='bbox 1234 2626 1278 2660; x_wconf 69' lang='lat' dir='ltr'><strong>de</strong></span> <span class='ocrx_word' id='word_1_226' title='bbox 1304 2625 1445 2670; x_wconf 65' lang='lat' dir='ltr'><strong>Baycnx</strong></span> 
     </span>
     <span class='ocr_line' id='line_1_32' title="bbox 39 2684 1444 2735; baseline -0.004 -15"><span class='ocrx_word' id='word_1_227' title='bbox 39 2686 202 2732; x_wconf 73' lang='lat' dir='ltr'><strong>qu&#39;apres</strong></span> <span class='ocrx_word' id='word_1_228' title='bbox 223 2687 255 2721; x_wconf 81' lang='lat' dir='ltr'><strong>la</strong></span> <span class='ocrx_word' id='word_1_229' title='bbox 277 2695 372 2722; x_wconf 86' lang='lat' dir='ltr'><strong>mort</strong></span> <span class='ocrx_word' id='word_1_230' title='bbox 394 2688 438 2722; x_wconf 88' lang='lat' dir='ltr'><strong>dc</strong></span> <span class='ocrx_word' id='word_1_231' title='bbox 464 2701 525 2723; x_wconf 85' lang='lat' dir='ltr'><strong>son</strong></span> <span class='ocrx_word' id='word_1_232' title='bbox 553 2688 823 2735; x_wconf 66' lang='lat' dir='ltr'><strong>predecesseur,</strong></span> <span class='ocrx_word' id='word_1_233' title='bbox 847 2687 983 2722; x_wconf 79' lang='lat' dir='ltr'><strong>arrive&#39;e</strong></span> <span class='ocrx_word' id='word_1_234' title='bbox 1008 2686 1167 2733; x_wconf 79' lang='lat' dir='ltr'><strong>pendant</strong></span> <span class='ocrx_word' id='word_1_235' title='bbox 1191 2686 1277 2733; x_wconf 80' lang='lat' dir='ltr'><strong>qu&#39;il</strong></span> <span class='ocrx_word' id='word_1_236' title='bbox 1300 2684 1444 2729; x_wconf 54' lang='lat' dir='ltr'><strong>sicgvait</strong></span> 
     </span>
     <span class='ocr_line' id='line_1_33' title="bbox 41 2744 1444 2793; baseline -0.002 -16"><span class='ocrx_word' id='word_1_237' title='bbox 41 2757 81 2777; x_wconf 85' lang='lat' dir='ltr'><strong>au</strong></span> <span class='ocrx_word' id='word_1_238' title='bbox 101 2746 236 2780; x_wconf 86' lang='lat' dir='ltr'><strong>concile</strong></span> <span class='ocrx_word' id='word_1_239' title='bbox 255 2746 298 2780; x_wconf 68' lang='lat' dir='ltr'><strong>de</strong></span> <span class='ocrx_word' id='word_1_240' title='bbox 317 2747 439 2782; x_wconf 71' lang='lat' dir='ltr'><strong>Reims</strong></span> <span class='ocrx_word' id='word_1_241' title='bbox 458 2749 625 2790; x_wconf 67' lang='lat' dir='ltr'><strong>(octabu-‹-</strong></span> <span class='ocrx_word' id='word_1_242' title='bbox 650 2750 768 2793; x_wconf 70' lang='lat'>1049).</span> <span class='ocrx_word' id='word_1_243' title='bbox 794 2746 995 2781; x_wconf 56' lang='lat' dir='ltr'><strong>hui-memo</strong></span> <span class='ocrx_word' id='word_1_244' title='bbox 1016 2752 1164 2780; x_wconf 75' lang='lat' dir='ltr'><strong>mourut</strong></span> <span class='ocrx_word' id='word_1_245' title='bbox 1185 2748 1201 2778; x_wconf 66' lang='lat' dir='ltr'><strong>a</strong></span> <span class='ocrx_word' id='word_1_246' title='bbox 1222 2744 1384 2778; x_wconf 61' lang='lat' dir='ltr'><strong>Pam-..w</strong></span> <span class='ocrx_word' id='word_1_247' title='bbox 1404 2754 1444 2773; x_wconf 61' lang='lat' dir='ltr'><strong>rr.</strong></span> 
     </span>
     <span class='ocr_line' id='line_1_34' title="bbox 43 2804 290 2851; baseline 0.004 -14"><span class='ocrx_word' id='word_1_248' title='bbox 43 2804 169 2838; x_wconf 65' lang='lat' dir='ltr'><strong>levrici·</strong></span> <span class='ocrx_word' id='word_1_249' title='bbox 195 2817 290 2851; x_wconf 53' lang='lat'><strong>¹097«</strong></span> 
     </span>
    </p>
   </div>
  </div>
 </body>
</html>
