2033 3445
107 311 243 360 [1096]
625 305 777 344 LIBER
806 305 986 342 NONUs
1435 305 1507 345 487

106 394 338 459 quoddam
359 406 564 440 castrum
583 394 837 449 obsideret,
861 403 907 438 et
926 392 1159 437 motiones
1177 392 1367 450 ducum,
1390 394 1525 452 mul--

108 484 352 536 tarumque
375 473 588 535 gentium
617 470 826 527 audiret,
851 486 963 516 mox
985 469 1283 532 singulorum
1305 469 1516 532 probita-

109 561 172 596 tes
194 559 240 595 et
274 550 404 612 signa
435 548 689 613 diligenter
728 546 1050 610 investigavit;
1076 545 1248 610 quibus
1279 546 1516 593 subtiliter

108 624 347 688 inspectiS,
373 623 460 670 sibi
483 623 672 670 tandem
694 624 930 686 optimum
949 621 1108 668 affffl‘ri
1129 621 1327 684 pallium
1343 637 1517 685 praece-

106 701 199 764 pit,
225 700 353 765 quod
375 718 460 764 per
496 700 749 764 particulas
775 697 1010 757 concidit,
1045 709 1091 745 et
1116 715 1303 745 crucem
1328 699 1519 745 unicui-

104 793 193 841 que
222 793 418 823 suorum
436 776 704 834 distribuit,
730 791 954 839 suamque
979 773 1066 820 sihi
1091 774 1306 820 retinuit.
1333 773 1518 820 Nimius

108 855 249 918 igitur
271 855 479 900 militum
502 872 756 901 concursus
780 854 834 899 ad
861 870 968 900 eum
991 852 1148 899 subito
1179 852 1325 899 factus
1351 862 1444 910 est,
1472 862 1520 898 et

109 933 336 996 Rogerius
373 950 512 978 senex
542 949 662 995 pene
689 932 811 978 solus
839 932 886 976 in
921 929 1172 977 obsidione
1207 929 1399 977 relictus
1422 939 1516 987 est,

108 1008 362 1074 dolensque
403 1026 448 1055 se
489 1027 618 1054 suam
663 1009 866 1054 amisisse
902 1018 1088 1072 gentem
1104 1043 1118 1065 ,
1160 1007 1367 1054 Siciliam
1413 1023 1521 1053 cum

110 1087 265 1149 paucis
282 1103 495 1132 reversus
514 1097 598 1132 est.
626 1084 855 1132 Providus
873 1095 1029 1130 autem
1048 1095 1094 1130 et
1115 1083 1260 1131 solers
1282 1084 1522 1130 Buamun-

109 1162 191 1208 dus
210 1162 418 1210 modeste
438 1163 562 1209 viam
586 1181 716 1209 suam
733 1173 780 1208 et
797 1162 1059 1208 exectiones
1081 1161 1391 1224 praeparavit,
1413 1178 1520 1207 cum

110 1240 415 1304 optimatibus
451 1242 542 1286 suis
562 1277 574 1297 ,
616 1252 661 1286 et
700 1241 769 1285 affl
780 1239 996 1285 uentibus
1043 1249 1337 1285 armatorum
1377 1238 1522 1302 copiis

112 1319 453 1376 transfretavit,
484 1328 530 1364 et
565 1318 754 1364 tandem
783 1317 1043 1381 tranquillo
1070 1316 1248 1380 remige
1272 1316 1318 1361 in
1343 1315 1522 1379 Bulga-

113 1396 194 1440 riae
218 1394 431 1458 partibus
456 1395 525 1457 (ι)
546 1395 787 1458 applicuit.
815 1394 967 1440 Porro
984 1393 1210 1456 praecipui
1228 1391 1405 1439 sodales
1428 1392 1524 1455 ejus

114 1471 158 1517 hi
182 1473 372 1517 suerunt
393 1492 402 1516 ε

177 1549 463 1605 Tancredus‚
480 1549 658 1596 Odonis
674 1547 1045 1595 Boni-Marchisi
1063 1547 1185 1593 filius
1198 1548 1292 1609 (2);
1310 1556 1356 1592 et
1369 1562 1525 1592 comes

113 1626 169 1673 de
190 1627 421 1674 Rosinolo
435 1664 447 1684 ,
471 1645 577 1673 cum
603 1627 694 1672 suis
711 1626 936 1672 fratribus
955 1626 1051 1689 (5);
1075 1624 1302 1671 Ricardus
1322 1623 1380 1671 de
1394 1624 1527 1670 Prin-

116 1800 159 1835 de
176 1801 392 1836 Hauteville.
414 1802 462 1835 La
488 1800 589 1846 place
615 1813 687 1846 quc
712 1812 769 1833 ces
793 1799 937 1845 princes
961 1798 1197 1843 assiegeaient
1215 1797 1302 1832 etait
1320 1797 1471 1839 Amaffi,
1492 1804 1529 1832 et

116 1873 206 1895 nous
222 1872 379 1907 pensons
395 1873 466 1907 que
485 1860 606 1894 c’etait
621 1871 715 1905 pour
733 1859 766 1892 le
780 1864 925 1903 compte
939 1857 984 1891 de
996 1857 1076 1891 leur
1090 1857 1186 1890 frere
1203 1863 1239 1890 et
1258 1868 1372 1891 neveu
1383 1884 1392 1900 ,
1411 1856 1443 1891 le
1457 1856 1529 1891 duc

116 1919 250 1966 Roger.

161 1979 211 2023 (ι)
232 1980 283 2013 Ce
304 1990 350 2012 ne
374 1978 428 2011 sut
448 1978 551 2023 point
573 1989 618 2010 en
645 1975 815 2022 llulgarie
838 1987 909 2021 que
932 1974 1121 2008 Boemond
1146 1973 1350 2020 de'barqua‚
1373 1975 1464 2009 mais
1484 1988 1528 2010 en

118 2038 291 2081 Albanio,
313 2038 395 2083 pres
419 2036 528 2070 d'une
554 2036 637 2070 ville
659 2036 827 2069 nominee
853 2033 1106 2080 Andrinople,
1130 2034 1194 2080 qui
1220 2033 1307 2068 etait
1329 2033 1530 2069 l’ancieunc

119 2097 304 2131 Phoenice.
328 2097 400 2130 Son
423 2095 632 2142 expedition
651 2100 713 2127 eut
732 2094 803 2128 lieu
821 2105 866 2126 au
885 2093 976 2126 mois
995 2092 1039 2126 de
1060 2091 1267 2126 decembre.

163 2158 214 2200 (9.)
244 2154 450 2196 (tancrede,
474 2154 527 2187 fils
546 2153 690 2193 d’Odo,
713 2154 924 2186 sumonnne
946 2152 978 2186 lc
999 2152 1075 2186 Bon
1096 2151 1277 2198 Marquis,
1293 2157 1330 2185 et
1350 2150 1528 2195 d’Emma,

122 2214 190 2249 fille
205 2215 250 2249 dc
268 2213 458 2248 Tancrcde
477 2213 522 2246 de
542 2211 760 2247 Hauleville.

165 2273 214 2320 (5)
239 2275 283 2308 Le
304 2273 376 2307 lieu
394 2272 543 2318 designe
569 2272 613 2305 ici
636 2284 699 2316 par
722 2271 752 2304 le
780 2282 865 2304 nom
886 2270 931 2303 (le
956 2270 1192 2312 Bosinolum,
1216 2268 1332 2315 paruit
1354 2268 1430 2303 &tre
1456 2268 1529 2303 Ro-

123 2334 264 2379 scigno,
282 2332 516 2378 aujourd'hui
537 2330 713 2365 chef-lieu
735 2328 821 2363 tl'un
844 2329 983 2371 duche,
1001 2331 1019 2362 Ξι
1035 2336 1163 2375 quatre
1177 2327 1296 2362 milles
1309 2327 1354 2362 de
1371 2327 1529 2362 Salerne.

123 2392 172 2427 Ce
191 2399 310 2427 comte
329 2391 374 2425 de
392 2391 576 2436 Roscigno
590 2418 598 2432 ‚
613 2391 676 2436 qui
703 2389 814 2435 pai-ait
840 2389 946 2423 s'e'tre
965 2387 1093 2434 appele
1118 2387 1305 2430 Geoffroi,
1325 2400 1343 2421 a
1367 2388 1423 2421 ete
1443 2399 1531 2421 con-

119 2452 233 2486 foudu
259 2465 322 2499 par
348 2452 380 2486 la
408 2450 555 2497 plupart
584 2450 647 2485 des
677 2450 879 2484 historiens
909 2460 993 2482 avec
1020 2447 1177 2490 Girard,
1198 2446 1252 2481 fils
1272 2446 1322 2480 du
1346 2453 1465 2481 comte
1487 2447 1532 2481 de

124 2510 329 2546 Roussillon
347 2510 579 2555 (Guillabert
593 2512 604 2552 )
618 2538 626 2552 ,
647 2510 710 2556 qui
734 2509 807 2555 prit
825 2508 1029 2553 egalcment
1046 2514 1127 2553 part
1145 2508 1164 2540 a
1182 2506 1213 2540 la
1236 2508 1417 2552 premiere
1437 2507 1533 2540 croi-

124 2570 204 2605 sade
223 2578 258 2605 et
278 2577 370 2604 resta
388 2572 407 2604 ἐι
430 2570 462 2603 la
480 2570 740 2604 Terre-Saintc
757 2569 929 2615 jusqu⁷cn
953 2579 1052 2613 1109.
1079 2567 1136 2601 Au
1160 2566 1315 2600 nombre
1337 2566 1399 2601 des
1422 2566 1534 2600 freres

125 2629 173 2663 du
200 2637 318 2663 comte
343 2630 387 2663 do
418 2630 598 2675 llosciguo
629 2642 664 2663 se
696 2629 849 2662 trouvail
879 2626 1037 2669 Girard,
1067 2627 1203 2673 (Reque.
1231 2625 1406 2659 d’Ariano
1432 2625 1534 2669 (ville

126 2689 342 2735 episcopale,
364 2691 586 2733 suffragante
607 2689 651 2722 de
670 2689 868 2729 131⁷·1112u2m,
893 2686 981 2720 daus
1000 2686 1029 2720 la
1050 2686 1284 2731 l’rincipaute
1303 2686 1530 2726 Ulterionrc,

126 2749 143 2781 a
162 2760 230 2794 peu
253 2749 298 2783 de
324 2749 485 2783 distance
505 2749 549 2783 de
571 2748 851 2791 Monuni-0200),
877 2747 939 2792 qui
963 2746 1114 2779 n’arriva
1135 2746 1301 2791 qu'apres
1319 2744 1351 2778 la
1372 2744 1466 2790 prise
1488 2744 1531 2778 dc

127 2807 335 2857 Jerusalem,
348 2807 706 2843 suivantfiuillaume
719 2807 762 2842 de
777 2807 863 2851 Tyr.
879 2807 924 2841 Le
935 2813 1030 2840 texte
1040 2806 1212 2852 imprime
1221 2804 1264 2839 de
1274 2804 1307 2839 la
1318 2804 1533 2851 chronique
