2033 3445
63 292 182 337 [maci.
210 289 326 337 1030}
569 284 718 322 LIBER
746 283 953 322 SEXTUS.
1035 318 1049 330 ,
1386 292 1461 326 109

62 375 191 420 Inter
212 390 352 419 saevas
378 380 668 434 tempestates
687 369 839 414 honus
862 385 1000 414 senex
1023 368 1265 415 Ascelinus
1288 388 1459 417 mona-

61 451 247 498 chatum
284 464 428 512 usque
460 445 515 493 ad
550 445 833 509 decrepitam
868 456 1054 492 aetatem
1087 448 1314 500 servavit,
1351 466 1458 494 mo-

60 529 276 592 riensque
298 525 515 571 Ascelino
541 524 740 580 clerico,
774 524 933 586 nepoti
966 540 1072 579 suo,
1109 524 1301 569 tutelam
1333 524 1455 571 Utici

57 605 307 652 commisit.
335 603 422 663 Qui
441 602 638 666 juvenili
665 602 853 647 levitate
879 602 1085 658 fervens,
1111 602 1372 649 silvestrem
1395 605 1459 648 vi-

58 695 166 738 tam,
188 692 235 728 et
252 680 442 726 urbanis
458 698 481 726 a
499 679 671 726 facetiis
689 690 950 742 separatam
969 678 1079 725 odio
1096 678 1270 726 habere
1290 681 1453 743 coepit,

52 758 350 823 discendique
379 776 508 804 causa
537 757 736 803 Galliam
768 757 986 820 expetiit,
1022 758 1306 822 inventaque
1332 757 1456 804 deli-

52 838 228 883 ciarum
251 837 381 900 copia
402 837 497 882 sere
519 852 544 881 L
561 835 695 881 annis
718 834 779 880 ibi
801 833 1052 892 habitavit,
1076 845 1122 880 et
1145 853 1229 898 per
1248 835 1457 881 diversos

50 913 218 977 gradus
242 930 385 977 usque
408 912 464 958 ad
488 911 798 959 sacerdotium
822 913 1046 959 ascendit.
1074 912 1352 959 Carnalibus
1378 914 1457 958 ita—

49 1007 139 1055 que
151 990 507 1037 oblectamentis
524 991 746 1041 irretitus,
763 991 809 1036 in
824 990 1038 1044 Francia,
1062 991 1249 1036 instanti
1267 1008 1457 1054 prospe—

49 1069 186 1114 ritate
218 1079 432 1132 turgens,
466 1084 550 1131 per
581 1084 721 1115 omne
755 1078 937 1131 tempus
966 1068 1075 1113 vitae
1101 1085 1194 1114 suae
1225 1085 1370 1131 usque
1399 1070 1453 1113 ad

48 1155 278 1191 senectam
309 1143 483 1191 oblitus
513 1155 581 1189 est
609 1144 765 1190 omnia
799 1161 904 1207 quae
933 1143 1018 1188 sibi
1044 1154 1358 1190 antecessores
1385 1146 1453 1191 sni

44 1222 318 1269 dimiserant
342 1223 388 1268 in
414 1222 723 1269 Normannia.

108 1300 309 1355 Interea,
330 1298 613 1346 obeuntibus
629 1300 699 1345 vel
721 1298 1001 1345 abeuntibus
1022 1299 1202 1356 incolis,
1224 1300 1386 1346 Uticus
1406 1301 1453 1346 in

44 1376 346 1423 solitudinem
376 1376 539 1433 rediit,
571 1388 615 1423 et
645 1377 838 1423 remotis
867 1375 1136 1423 hominibus
1165 1378 1208 1422 in
1235 1378 1454 1423 oratoriis

44 1466 89 1500 et
118 1453 335 1502 domibus
367 1455 528 1519 ingens
561 1456 672 1501 silva
709 1456 881 1507 crevit,
916 1466 962 1500 et
991 1453 1218 1500 habitatio
1246 1456 1449 1500 serarum

43 1532 195 1578 multo
232 1543 443 1595 tempore
482 1532 654 1578 ibidem
689 1533 860 1578 extitit.
907 1533 958 1578 In
1000 1532 1241 1595 provincia
1283 1533 1446 1578 Belva-

42 1611 164 1656 censi
197 1610 292 1671 (ι),
320 1609 542 1656 Restoldo
577 1609 759 1656 cuidam
793 1609 1073 1675 presbytero
1107 1627 1190 1673 per
1223 1611 1450 1656 visionem

43 1698 154 1733 tunc
171 1685 350 1733 dictum
377 1698 443 1732 est
467 1688 551 1732 :In
572 1687 929 1733 D‘ormamziam
948 1686 1018 1733 ad
1037 1699 1257 1733 samolum.
1278 1687 1451 1733 Ebria!-

23 1762 138 1827 smn
159 1765 300 1821 vade)
321 1764 476 1828 ibique
489 1764 747 1829 Jnffi‘uet‘c‘s
763 1765 948 1810 dierum
969 1764 1273 1829 longilccdine
1290 1764 1451 1827 (Ἀβώ-

41 1843 109 1887 cis
122 1843 560 1906 vitcejocandltate.
578 1843 664 1887 Hic
675 1859 789 1905 ergo
804 1843 958 1889 natale
973 1843 1126 1889 solum
1141 1859 1348 1905 egressus
1363 1854 1426 1889 est
1438 1881 1448 1897 ‚

40 1929 86 1963 et
99 1918 366 1964 Neustriam
381 1930 658 1984 pervagatus
671 1930 756 1975 est,
777 1931 823 1965 et
840 1919 1178 1966 habitationem
1197 1920 1245 1965 S.
1264 1919 1449 1965 Ebrulli

40 1995 278 2058 quaesivit,
305 1995 383 2041 sed
410 2011 494 2059 per
517 1995 690 2042 multos
715 1995 811 2042 dies
834 2013 1076 2060 quaerens,
1105 1997 1341 2042 neminem
1369 1998 1447 2060 qui

39 2070 124 2117 sibi
166 2072 513 2119 demonstraret
553 2074 748 2120 invenit.
794 2075 1006 2139 Denique
1048 2075 1167 2138 apud
1213 2075 1449 2120 Montsor—

41 2159 135 2194 tem
158 2150 229 2212 (2)
250 2150 395 2195 saneti
420 2149 608 2196 Ebrulli
634 2162 840 2198 veterem
860 2151 1098 2198 basilicam
1127 2153 1328 2215 reperit,
1361 2151 1448 2197 ibi--

39 2241 129 2288 que
151 2225 303 2272 multo
326 2235 540 2289 tempore
572 2225 824 2282 habitavit,
856 2227 1050 2274 credens
1074 2228 1201 2292 quod
1232 2229 1365 2274 illum
1387 2228 1450 2273 lo-

39 2318 145 2347 cum
160 2301 245 2347 sibi
264 2302 455 2348 coeleste
474 2304 717 2349 oraculum
738 2305 998 2369 seminique
1018 2323 1101 2351 suo
1121 2305 1446 2351 insinuaverit.

103 2379 155 2424 ln
186 2380 430 2425 territorio
456 2380 717 2443 Balgenzaii
752 2382 826 2444 (ὃ)
861 2382 1043 2428 cuidam
1073 2383 1261 2447 pagensi
1291 2393 1449 2427 taurus

44 2457 232 2503 nomine
260 2458 366 2503 Fala
393 2470 517 2515 erar,
545 2460 623 2523 qui
651 2477 771 2522 stepe
797 2476 988 2523 gregem
1015 2471 1339 2506 armentorum
1371 2478 1447 2504 rr<-

90 2666 138 2710 (i)
163 2666 206 2699 Le
226 2665 438 2701 Beauvoisis.

87 2726 136 2769 (2)
155 2718 420 2760 Safini-Ennia!
444 2727 487 2761 (lv
516 2727 683 2760 llnnllort
698 2755 705 2766 ,
729 2728 809 2771 ,πὸς
829 2727 937 2759 (iare.

86 2783 134 2828 G)
158 2785 365 2833 Bocquence
470 2783 471 2788 ¹
