2085 3455
627 300 702 339 458
991 301 1234 339 HISTORIA
1265 299 1666 338 ECCLESIASTICA.

622 404 748 432 sacra
788 386 1063 449 polluerunt
1077 407 1089 444 3
1130 386 1206 432 sed
1243 397 1346 449 post
1382 387 1530 432 multa
1567 398 1779 449 tempora
1814 389 2024 435 meritam

622 464 854 510 ultionem
869 463 1176 510 mucronibus
1197 464 1544 527 Cisalpinorum
1565 465 1635 527 (1)
1658 463 1798 527 digne
1819 464 2021 511 luerunt.

623 540 763 586 Nulla
779 577 791 597 ,
846 552 895 586 ut
933 558 1059 597 reor,
1098 558 1305 604 unquam
1343 539 1560 603 sophistis
1597 541 1644 586 in
1680 539 1861 586 bellicis
1893 540 2026 588 rebus

625 618 878 681 gloriosior
897 619 1093 664 materia
1109 618 1302 681 prodiit,
1323 636 1463 682 qnam
1478 619 1650 664 nostris
1664 635 1788 663 nunc
1804 618 2028 665 Dominus

623 696 773 756 poetis
798 705 938 759 atque
964 694 1170 740 librariis
1192 694 1412 750 tradidit,
1435 695 1548 740 dum.
1567 711 1652 757 per
1675 710 1845 756 paucos
1865 693 2029 740 Chris-

623 772 785 818 ticolas
827 772 886 818 de
920 773 1112 835 paganis
1148 772 1196 817 in
1231 771 1424 818 Oriente
1463 771 1796 835 triumphavit,
1831 789 1946 836 quos
1976 772 2030 819 de

624 850 830 911 propriis
856 848 1075 896 domibus
1098 848 1221 894 dulci
1242 849 1473 895 desiderio
1491 849 1822 912 peregrinandi
1846 849 2028 894 excivit.

625 926 833 988 Antiqua
859 942 1028 988 nempe
1049 926 1272 972 miracula
1298 927 1420 972 Deus
1455 925 1695 971 Abraham
1718 943 1869 988 nuper
1892 927 2031 972 itera—

625 1003 719 1059 vit,
742 1002 857 1048 dum
893 1003 993 1049 solo
1017 1002 1185 1049 ardore
1211 1003 1386 1049 visendi
1415 1004 1680 1066 sepulcrum
1710 1004 1887 1049 Messiae
1917 1005 2031 1050 occi-

621 1080 737 1127 duos
760 1080 917 1126 fideles
937 1081 1111 1137 illexit,
1137 1091 1182 1126 et
1203 1082 1300 1126 sine
1327 1098 1437 1144 rege
1463 1081 1767 1145 saecularique
1791 1081 2031 1127 exactione

622 1173 706 1217 per
723 1157 974 1204 Urbanum
992 1159 1166 1220 Papam
1188 1159 1259 1220 (2)
1280 1158 1603 1214 commonuit,
1623 1157 1679 1203 de
1702 1156 1874 1203 finibus
1894 1167 2030 1204 terrae

622 1245 670 1280 et
694 1235 856 1281 insulis
876 1236 1018 1281 maris
1042 1236 1172 1281 velut
1187 1234 1411 1282 Hebraeos
1429 1235 1486 1281 de
1506 1235 1709 1299 AEgypto
1731 1252 1816 1297 per
1841 1234 2030 1296 Moysen

624 1314 857 1371 extraxit,
885 1324 932 1360 et
958 1331 1044 1377 per
1080 1324 1262 1359 exteras
1291 1324 1453 1377 gentes
1482 1330 1628 1377 usque
1661 1313 1707 1358 in
1742 1312 2032 1357 Palaestinam

624 1388 868 1451 perduxit,
898 1389 1060 1454 ibique
1078 1406 1209 1452 reges
1230 1400 1275 1435 et
1298 1390 1552 1452 principes,
1582 1407 1688 1436 cum
1711 1389 1872 1434 multis
1890 1388 2032 1435 natio-

622 1465 763 1512 nibus
782 1478 1078 1531 aggregatos,
1101 1467 1353 1530 superavit,
1380 1466 1796 1530 munitissimisque
1820 1463 2032 1523 urbibus,

624 1543 902 1608 oppidisque
927 1542 1129 1589 subactis
1155 1544 1358 1607 gloriose
1377 1543 1664 1606 perdomuit.

688 1621 964 1668 Fulcherius
983 1622 1286 1668 Carnotensis
1309 1623 1399 1684 (5),
1424 1619 1694 1675 Godesredi,
1717 1619 2034 1683 Lotharingiae

673 1851 723 1894 (1)
744 1850 846 1883 Nous
864 1861 974 1883 avons
992 1849 1072 1894 dejii
1091 1862 1133 1883 vu
1154 1856 1259 1883 notre
1276 1856 1418 1889 auteur,
1440 1850 1459 1881 ἐι
1480 1848 1659 1894 plusieurs
1679 1847 1849 1893 reprises,
1870 1847 2035 1894 designer

628 1921 691 1955 par
718 1921 757 1942 ce
782 1916 860 1942 mot
884 1908 934 1942 les
962 1909 1148 1956 FrancaiS,
1178 1909 1262 1955 qui,
1290 1920 1383 1954 pour
1412 1920 1461 1941 un
1485 1907 1651 1941 habitant
1675 1906 1720 1940 de
1744 1899 2032 1949 Saint-Evroult,

626 1969 762 2003 etaient
782 1968 893 2002 situes
912 1967 1069 2015 en-deea
1087 1968 1148 2002 des
1164 1968 1288 2014 Alpes.

674 2029 724 2074 (2)
745 2028 887 2062 Urbain
908 2028 943 2062 II
967 2028 1025 2072 (12
1046 2040 1142 2062 mars
1162 2027 1318 2075 1088-29
1333 2027 1455 2073 juillet
1478 2028 1586 2074 1099)
1605 2027 1694 2062 01311
1712 2028 1758 2061 ne
1778 2026 1866 2061 dans
1883 2026 1916 2060 le
1933 2025 2039 2061 terri-

626 2088 721 2123 toire
746 2087 791 2122 de
820 2087 969 2132 Reims,
999 2093 1035 2121 et
1059 2087 1116 2122 fut
1142 2087 1293 2122 d’abord
1320 2088 1500 2122 chanoine
1523 2087 1568 2121 de
1591 2086 1625 2120 la
1651 2085 1859 2120 cathedrale
1881 2086 1926 2120 de
1949 2091 2038 2120 cette

629 2148 728 2190 ville,
747 2148 894 2182 ensuite
914 2148 1036 2181 moine
1053 2147 1098 2181 de
1116 2148 1243 2190 Cluni,
1264 2148 1344 2194 puis
1362 2148 1496 2194 eveque
1515 2147 1670 2182 d’Ostie.
1689 2146 1870 2193 Gregoire
1888 2145 1978 2188 VII,
1995 2157 2037 2179 eu

629 2213 821 2248 mourant,
852 2205 973 2240 l'avait
1002 2206 1152 2253 designe
1176 2219 1318 2242 comme
1342 2207 1417 2241 l⁷un
1441 2207 1504 2241 des
1527 2207 1617 2240 trois
1637 2205 1834 2240 cardinaux
1854 2216 2002 2251 propres
2019 2205 2038 2239 ὲ

626 2266 659 2299 10
680 2265 903 2312 remplacerf.
929 2266 954 2299 il
977 2278 1023 2300 ne
1044 2267 1188 2312 parvint
1207 2267 1420 2301 neanmoins
1441 2279 1487 2300 au
1506 2266 1610 2300 trone
1627 2265 1811 2312 pontifical
1829 2265 1992 2312 qu’apres
2007 2262 2037 2297 la

629 2333 725 2360 mort
755 2325 801 2360 de
823 2326 959 2361 Victor
987 2326 1063 2370 Ill,
1095 2329 1158 2374 qui
1188 2327 1334 2374 figurait
1360 2326 1564 2373 egalement
1592 2338 1652 2360 sur
1681 2332 1774 2360 cette
1799 2325 1879 2360 liste
1907 2324 1953 2359 de
1979 2323 2039 2358 de-

627 2386 826 2431 signa-tion.

678 2443 728 2490 (5)
756 2445 929 2479 Foucher
950 2445 994 2480 de
1019 2447 1212 2487 Cl'iartres,
1241 2448 1286 2480 ne
1309 2459 1353 2480 cn
1380 2445 1483 2494 1059,
1509 2459 1555 2480 110
1580 2446 1636 2480 sut
1658 2446 1762 2492 point
1783 2444 1969 2491 chapelain
1997 2442 2038 2477 de

629 2504 811 2539 Godesroi
834 2504 879 2539 de
902 2505 1091 2549 Bouisson,
1113 2518 1254 2540 comme
1271 2506 1303 2539 le
1324 2505 1478 2552 pretend
1496 2512 1601 2540 notre
1618 2511 1766 2546 auteur3
1787 2511 1823 2537 et
1840 2504 1956 2538 11101110
1971 2514 2038 2537 11110

629 2574 760 2596 vrreur
784 2563 812 2596 si
835 2563 1006 2609 palpable
1026 2576 1072 2598 ne
1098 2571 1237 2611 permet
1258 2565 1368 2610 guel-e
1389 2563 1433 2598 de
1454 2575 1583 2610 penser
1603 2562 1691 2609 qu'il
1714 2563 1764 2596 ait
1784 2563 1857 2608 pris
1879 2560 2038 2596 connais-

635 2634 740 2656 sance
761 2621 805 2656 de
825 2634 863 2655 sa
884 2622 1041 2658 relation
1061 2623 1106 2657 de
1126 2623 1158 2658 la
1182 2636 1312 2671 guerre
1330 2623 1442 2658 sainte
1463 2639 1468 2656 z
1497 2623 1610 2657 Gesta
1623 2625 1899 2669 peregrinorum
1917 2621 2039 2656 Fran·-

636 2693 759 2717 corum
778 2694 860 2715 cum
881 2685 994 2716 armis
1016 2682 1247 2717 Hierusalem
1264 2684 1504 2728 pergentium.
1528 2682 1624 2726 Quoi
1645 2681 1733 2728 qu’il
1754 2693 1799 2716 en
1817 2680 1902 2724 soit,
1924 2680 2005 2714 c'est
2019 2680 2036 2712 ἐι

631 2741 665 2774 la
685 2741 849 2788 chapelle
867 2740 912 2775 de
929 2741 1121 2777 Baudouin
1134 2771 1142 2785 ,
1162 2743 1256 2777 frere
1272 2751 1308 2778 et
1324 2754 1529 2777 successeur
1547 2741 1591 2776 de
1609 2741 1804 2783 Godefroi,
1822 2753 1893 2788 que
1909 2752 1948 2774 ce
1963 2750 2037 2785 per-

632 2813 793 2847 sonnage
814 2802 870 2835 sut
892 2802 1047 2836 1111110110.
1074 2804 1133 2836 On
1154 2816 1262 2850 pense
1282 2803 1369 2849 qu’il
1394 2809 1542 2837 mourut
1564 2814 1641 2836 vers
1665 2813 1767 2847 1127,
1793 2803 1931 2847 epoque
1952 2800 1969 2832 :⁸1
1988 2797 2035 2831 la-
