2085 3455
517 322 592 360 134
876 322 1116 360 HISTORIA
1149 320 1550 363 ECCLESIASTICA.

511 408 718 454 vinculis
745 426 821 470 reg
832 408 921 454 uloe
945 409 1072 456 illius
1089 411 1195 473 jam
1219 412 1620 474 constringuntur,
1647 408 1925 472 suppedita-

515 486 615 533 bit?
631 486 804 532 Multis
819 486 1107 534 evidentibus
1133 488 1432 536 documentis
1453 485 1703 553 manifeste
1715 486 1921 550 patescit

513 564 647 629 quod
668 564 894 627 benignus
919 568 1160 629 magister,
1185 567 1297 630 jam
1323 585 1353 613 a
1380 567 1485 613 Deo
1508 570 1556 612 in
1579 565 1711 613 coelz's
1734 562 1920 628 glorifi-

514 654 674 698 catus,
708 660 799 708 pro
823 643 1122 709 supplicibus
1146 645 1400 710 discipulis
1430 645 1750 691 indesinenter
1774 644 1922 688 inter-

513 721 658 779 cedit,
686 725 842 787 eisque
859 722 1070 785 quotidie
1093 725 1141 768 in
1163 723 1527 769 necessitatibus
1551 725 1649 769 suis
1669 720 1929 784 efficaciter

511 799 738 847 subvenit.
779 799 879 846 Nos
918 801 1103 864 itaque,
1148 803 1232 862 qui
1259 801 1371 863 jam
1405 800 1505 845 lene
1531 800 1712 863 jugum
1748 796 1928 842 Christi

512 879 832 942 suscepimus,
870 887 914 921 et
938 876 1133 941 pondus
1157 877 1253 922 diei
1276 888 1319 921 et
1351 887 1518 934 cestus,
1559 877 1606 921 in
1644 877 1748 939 ejus
1783 874 1926 919 vinea

513 954 797 1011 laborantes,
808 952 1037 1016 serimus,
1063 955 1112 999 in
1133 953 1339 998 bonitate
1358 953 1454 998 Dei
1471 962 1735 999 constantes
1755 961 1798 997 et
1810 966 1926 1014 per-

510 1042 796 1089 severantes,
829 1032 946 1076 certi
967 1048 1067 1077 esse
1092 1029 1316 1076 debemus
1342 1030 1477 1094 quod
1499 1030 1677 1076 meritis
1702 1039 1746 1075 et
1763 1028 1926 1093 preci-

514 1109 599 1155 bus
616 1111 946 1173 signipotentis
964 1108 1209 1155 didascali
1226 1125 1312 1154 nos
1325 1119 1541 1173 proteget
1559 1117 1705 1171 atque
1721 1104 1927 1152 salvabit

511 1187 808 1251 omnipotens
835 1186 1092 1232 Dominus.
1130 1185 1319 1231 Obnioee
1349 1203 1461 1250 ergo
1492 1190 1648 1251 ipsum
1672 1199 1928 1231 exoremus

511 1263 806 1311 conditorem
848 1264 1168 1310 universorum
1183 1300 1198 1318 ,
1248 1274 1300 1309 ut
1341 1281 1425 1310 nos
1466 1263 1633 1328 egredi
1654 1262 1827 1326 faciat
1866 1260 1930 1307 cle

512 1341 793 1401 Babylonia
811 1351 855 1387 et
868 1341 927 1388 de
931 1341 1121 1406 finibus
1140 1340 1481 1387 Chaldaeorum
1489 1379 1507 1399 ,
1527 1352 1570 1387 et
1587 1344 1635 1386 in
1653 1340 1927 1387 Jerusalem

514 1436 704 1465 currere
709 1435 1005 1481 persuorum
1015 1418 1363 1465 observantiam
1373 1418 1733 1475 mandatorum,
1749 1417 1925 1481 ibique,

515 1496 584 1543 ad
599 1495 909 1542 laudandum
919 1514 986 1554 se,
1005 1514 1088 1543 nos
1102 1497 1151 1542 in
1167 1507 1394 1544 ceternum
1408 1496 1611 1544 collocet
1629 1499 1679 1543 in
1697 1495 1930 1542 consortio

515 1574 687 1620 civium
718 1590 1031 1638 supernorum
1061 1574 1359 1636 omnicotens
1392 1586 1436 1619 et
1473 1574 1741 1619 misericors
1767 1572 1926 1629 Deus,

515 1652 602 1714 qui
636 1651 753 1698 vivit
787 1662 831 1696 et
869 1661 1037 1714 regnat
1072 1668 1159 1715 per
1194 1652 1356 1697 omnia
1395 1651 1578 1698 saecula
1617 1650 1928 1707 sceculorum,

515 1746 674 1775 amen.

578 1806 681 1852 Huc
704 1822 875 1870 usque,
905 1824 992 1869 per
1013 1805 1217 1853 diversas
1240 1805 1508 1853 discurrens
1531 1807 1750 1853 materias
1763 1842 1777 1863 ,
1809 1806 1930 1852 scri—

514 1883 674 1931 bendo
695 1884 911 1948 fatigatus
931 1901 1061 1941 sum,
1087 1894 1133 1931 et
1156 1883 1266 1931 huic
1287 1893 1356 1933 v1⁰
1375 1884 1587 1932 historiae
1607 1882 1929 1931 ecclesiasticae

514 1962 679 2009 libello
702 1979 830 2008 nunc
860 1962 1056 2026 impono
1088 1963 1366 2009 terminum.
1394 1963 1449 2009 In
1473 1963 1566 2010 alio
1590 1962 1766 2028 quippe
1788 1961 1931 2008 volu-

513 2040 642 2086 mine
674 2041 744 2103 (ι)
781 2057 849 2087 vn
883 2039 1071 2087 libellos
1100 2040 1354 2087 auxiliante
1387 2040 1487 2088 Deo
1518 2041 1615 2105 jam
1650 2039 1839 2104 peregi,
1880 2038 1929 2085 in

560 2235 610 2279 (1)
627 2234 724 2269 C'est
740 2240 797 2268 cet
812 2240 916 2268 autre
931 2232 1075 2268 volume
1092 2233 1319 2268 renfermant
1337 2233 1387 2268 les
1407 2240 1486 2280 sept
1506 2232 1669 2268 derniers
1690 2231 1815 2276 livres,
1840 2231 1931 2266 mais

514 2305 598 2328 avec
614 2305 687 2328 une
703 2292 832 2327 lacune
846 2292 1015 2327 sacheuse
1033 2291 1184 2339 (depuis
1202 2292 1252 2327 les
1267 2293 1466 2340 premieres
1480 2304 1588 2339 pages
1603 2291 1651 2326 du
1669 2291 1843 2338 septieme
1855 2292 1933 2338 jus-

515 2353 597 2401 qu’a
619 2352 653 2387 la
671 2353 721 2387 fin
740 2351 790 2387 du
808 2353 1027 2398 huitieme)‚
1052 2365 1123 2400 que
1141 2352 1324 2400 possedait
1343 2352 1504 2400 I'abbaye
1519 2352 1564 2387 de
1583 2343 1872 2394 Saint-Evroult‚
1893 2359 1929 2386 et

514 2414 596 2462 qui,
624 2413 730 2459 grace
750 2426 795 2448 au
815 2413 889 2448 zele
912 2412 957 2447 de
981 2414 1031 2447 M.
1053 2413 1161 2449 Louis
1183 2413 1340 2457 Dubois,
1363 2426 1382 2448 a
1400 2414 1502 2459 passe
1520 2411 1609 2446 dans
1626 2411 1658 2447 la
1675 2411 1930 2458 bibliotheque

515 2473 737 2520 municipale
760 2472 973 2520 d’Alencon.
996 2473 1044 2507 La
1062 2472 1295 2508 coincidence
1312 2479 1436 2508 exacte
1455 2472 1500 2506 de
1519 2484 1559 2507 ce
1576 2472 1721 2507 volume
1741 2483 1824 2506 avec
1845 2470 1930 2505 l’in-

517 2532 677 2567 dication
693 2532 838 2566 fournie
857 2532 903 2566 ici
922 2544 988 2579 par
1002 2538 1108 2567 notre
1127 2539 1271 2576 auteur,
1295 2544 1341 2568 ne
1359 2538 1502 2579 permet
1519 2532 1630 2579 gnere
1648 2530 1692 2565 de
1709 2530 1843 2565 douter
1858 2541 1931 2577 que

515 2604 555 2626 ce
573 2603 619 2626 ne
638 2591 708 2626 soit
723 2603 796 2626 une
814 2592 961 2638 portion
981 2591 1031 2626 du
1049 2592 1250 2627 manuscrit
1267 2590 1444 2638 original;
1464 2597 1501 2625 et
1524 2601 1665 2625 comme
1683 2589 1734 2623 les
1753 2588 1850 2623 deux
1865 2600 1930 2623 vo-

515 2650 630 2686 lumes
654 2651 698 2686 de
724 2651 755 2685 la
779 2651 1034 2699 bibliotheque
1059 2651 1209 2687 Colbert
1227 2651 1451 2686 renfermant
1474 2650 1524 2685 les
1545 2650 1597 2684 six
1621 2649 1798 2696 premiers
1822 2648 1930 2682 livres

516 2718 597 2745 sont
615 2710 844 2746 visiblement
862 2711 907 2745 de
925 2709 958 2745 la
977 2710 1095 2746 meme
1117 2713 1277 2758 epoque,
1300 2710 1346 2745 de
1365 2709 1397 2744 la
1421 2710 1539 2744 meme
1560 2710 1795 2754 composition
1811 2713 1847 2741 et
1866 2706 1929 2741 des

515 2770 651 2807 menies
668 2771 783 2806 mains
801 2772 882 2816 (car
898 2777 1004 2806 notre
1023 2778 1152 2806 auteur
1171 2771 1299 2806 dictait
1319 2773 1337 2806 a
1360 2770 1423 2805 des
1445 2769 1597 2811 scribes,
1619 2775 1655 2803 et
1673 2780 1709 2803 se
1726 2767 1859 2815 plaint,
1883 2779 1929 2801 au

516 2837 826 2867 commencement
845 2830 894 2864 du
913 2829 1000 2865 livre
1020 2843 1074 2874 ix,
1095 2830 1138 2864 dc
1155 2830 1236 2865 n'cn
1256 2830 1335 2877 plus
1353 2829 1451 2865 avoir
1470 2831 1487 2863 ἐι
1506 2841 1539 2863 sa
1561 2827 1811 2875 disposition),
1835 2837 1931 2861 nou-³.
