2033 3445
86 309 209 356 [rnna.
237 305 356 351 1096]
596 298 750 341 LIBER
778 302 958 340 NONUS.
1410 301 1486 340 473

88 392 214 438 ciam
226 386 410 452 faciet,
438 388 515 433 vel
537 390 637 451 ejas
660 388 918 453 sepultarce
942 388 1165 432 intererit.
1187 387 1364 433 Nullus
1390 388 1489 433 tai-

87 483 169 513 cus
198 463 373 510 habeat
404 464 768 510 consuetudines
799 462 1122 527 episcopales,
1147 463 1224 507 vel
1247 464 1490 525 justitiam

86 559 192 607 quae
203 543 409 606 pertinet
431 541 500 585 acl
521 558 684 586 caram
710 542 983 585 animarum
1004 538 1099 601 (1)!

150 637 195 681 7,
221 616 400 663 Nullas
419 616 666 680 presbyter
685 616 921 679 efficiatur
941 615 1082 661 homo
1108 615 1249 671 laici,
1278 617 1393 679 quia
1420 618 1491 661 in-

86 696 285 759 dignum
307 705 374 740 est
400 705 449 739 ut
466 712 638 740 manus
661 694 764 740 Deo
787 706 1100 750 consecratae,
1126 704 1168 739 et
1195 710 1286 757 per
1303 710 1493 740 sacram

86 773 352 818 unctionem
383 771 719 834 sanctificatae,
763 774 1011 816 mittantur
1047 772 1168 816 inter
1198 787 1370 816 manas
1403 788 1494 815 non

88 858 414 902 consecratas;
439 850 556 911 qaia
580 859 649 893 est
676 859 763 893 aut
781 847 1055 904 homicida,
1080 858 1164 892 aut
1182 846 1390 903 adulter,
1413 858 1498 891 aut

86 923 335 989 cujuslibet
356 924 618 970 criminalis
632 926 830 989 peccati
844 924 1080 970 obnoxius
1098 924 1193 986 (2)!
1213 923 1313 969 Sed
1329 921 1496 987 sisen-

84 1003 197 1048 dam
232 1020 261 1047 a
291 1001 414 1048 laico
447 1002 674 1048 sacerdos
710 1005 934 1058 tenuerit,
973 1002 1106 1065 qaod
1139 1001 1209 1047 ad
1244 1002 1496 1046 eeclesiam

84 1096 177 1125 non
193 1082 459 1142 pertineat,
485 1080 623 1125 talem
631 1078 804 1142 faeiat
826 1080 1169 1144 et'fidelz'tatem
1198 1079 1330 1142 qaoa'-
1353 1096 1496 1124 seca-

86 1174 162 1203 rus
179 1159 240 1202 sit
262 1156 355 1220 (3)!

148 1234 261 1280 Haec
288 1234 444 1298 itaque
462 1233 775 1292 Gislehertus‚
797 1234 1099 1281 Ebroicensis
1123 1235 1391 1297 episcopus,
1415 1233 1495 1296 qui

86 1327 174 1374 pro
196 1328 275 1357 sua
292 1312 577 1374 proceritate
601 1311 1029 1375 cognominabatur
1052 1311 1197 1367 Grus,
1225 1321 1271 1356 et
1295 1309 1498 1355 Fulber-

89 1391 177 1446 tus,
200 1389 560 1453 Rotomagensis
580 1388 936 1436 archidiaconus
959 1391 1030 1452 (4)
1044 1427 1055 1447 ,
1081 1390 1192 1436 scita
1212 1399 1400 1451 patrum
1420 1404 1498 1449 pa-

88 1466 181 1512 lam
212 1468 639 1530 promulgaverunt
651 1488 662 1525 3
697 1479 743 1513 et
778 1467 1058 1513 Guillelmus
1090 1466 1496 1528 archiepiscopus,

87 1543 257 1608 aliique
278 1546 501 1607 praesules
525 1546 803 1591 auctoritate
823 1563 901 1591 sua
921 1545 1374 1591 corroboraverunt.
1397 1542 1500 1588 Odo

85 1622 259 1686 quippe
282 1622 546 1685 Bajocensis
575 1634 622 1668 et
644 1622 935 1669 Gislebertus
967 1623 1299 1679 Luxoviensis‚
1332 1620 1500 1683 Turgi-

85 1716 157 1745 sus
186 1698 542 1745 Abrincatensis
577 1700 650 1763 (5)
683 1711 728 1746 et
747 1700 882 1747 Serlo
905 1700 1137 1764 Sagiensis
1167 1711 1306 1762 atque
1325 1697 1499 1743 Radul-

85 1778 152 1823 fus
175 1777 545 1824 constantiensis
577 1779 649 1840 (6)
674 1780 918 1840 praefatam
958 1776 1188 1839 synodum
1221 1785 1494 1821 sanxerunt.

87 1853 288 1901 Abbates
311 1872 500 1919 quoque
526 1856 669 1902 totius
689 1856 974 1918 provinciae,
992 1872 1099 1901 cum
1123 1855 1251 1900 clero
1266 1890 1277 1909 ,
1302 1864 1349 1899 et
1366 1863 1501 1916 parte

86 1949 339 1996 procerum
357 1949 521 1996 pacem
535 1934 819 1996 optantium,
840 1933 1095 1978 affuerunt.
1116 1932 1342 1977 Praesules
1363 1931 1501 1975 nimi-

89 2026 195 2056 rum
213 2027 269 2055 ex
287 2009 412 2056 bona
428 2010 672 2056 voluntate
687 2008 1064 2056 commodissima
1082 2018 1365 2054 statuerunt.
1390 2005 1496 2061 Sed,

89 2086 337 2150 principali
357 2087 535 2150 justitia
558 2086 827 2143 deficiente,
855 2086 911 2132 ad
942 2086 1320 2132 emolumentum
1354 2084 1501 2130 eccle-

92 2164 281 2211 siasticae
292 2165 647 2229 tranquillitatis
658 2181 826 2227 parum
840 2165 1159 2227 profecerunt.
1173 2162 1293 2207 Nam
1303 2176 1503 2226 quaequc

138 2325 189 2367 (1)
213 2323 265 2357 Ce
289 2334 405 2357 canon
431 2323 556 2357 n’etait
581 2334 644 2368 pas
669 2322 800 2357 inutile
826 2322 915 2356 dans
943 2335 993 2356 un
1022 2334 1108 2368 pays
1132 2324 1181 2357 ou
1206 2333 1298 2355 nous
1323 2331 1431 2355 avons
1458 2333 1503 2354 vu

95 2381 144 2423 (t.
159 2381 214 2425 II,
236 2395 271 2428 p.
296 2381 380 2426 152)
401 2395 449 2416 un
466 2382 722 2416 archidiacone
741 2382 877 2429 figurer
894 2394 1035 2416 comme
1053 2381 1116 2416 fies
1128 2381 1248 2428 la'ique
1266 2380 1499 2414 heieditairc.

141 2440 190 2486 (2)
216 2442 267 2476 Ce
291 2453 405 2476 canon
432 2454 523 2475 nous
544 2443 711 2487 presente
736 2441 768 2475 la
794 2441 952 2475 sameuse
972 2441 1141 2488 question
1161 2441 1224 2474 des
1249 2441 1501 2479 investiturcs,

96 2500 266 2534 tranchee
285 2500 374 2535 dans
391 2500 424 2535 le
442 2513 522 2535 sens
539 2501 584 2534 de
602 2501 784 2547 Gregoire
804 2501 890 2534 VII.

142 2557 194 2605 (3)
215 2559 277 2595 On
295 2573 341 2595 ne
357 2562 504 2595 conna'it.
522 2561 584 2595 des
601 2568 697 2595 actes
717 2561 762 2595 de
779 2573 818 2595 ce
838 2560 975 2595 concile
992 2572 1064 2607 que
1084 2572 1123 2594 ce
1140 2560 1248 2607 qu'en
1268 2565 1441 2605 rapporte
1458 2558 1503 2592 ici

97 2625 200 2653 notre
216 2626 360 2654 auteur.

142 2679 191 2722 (4)
211 2678 281 2713 Sur
298 2691 338 2712 cc
358 2692 599 2726 personnage,
627 2692 731 2725 vovez
753 2679 948 2722 ei-dessus,
974 2693 1007 2726 p.
1031 2678 1110 2721 453.

143 2734 192 2780 (5)
217 2736 427 2783 1094-1135.

142 2794 191 2838 (6)
216 2795 425 2842 1093-1110.
